%YAML 1.1
%TAG !u! tag:unity3d.com,2011:
--- !u!29 &1
OcclusionCullingSettings:
  m_ObjectHideFlags: 0
  serializedVersion: 2
  m_OcclusionBakeSettings:
    smallestOccluder: 5
    smallestHole: 0.25
    backfaceThreshold: 100
  m_SceneGUID: 00000000000000000000000000000000
  m_OcclusionCullingData: {fileID: 0}
--- !u!104 &2
RenderSettings:
  m_ObjectHideFlags: 0
  serializedVersion: 9
  m_Fog: 0
  m_FogColor: {r: 0.5, g: 0.5, b: 0.5, a: 1}
  m_FogMode: 3
  m_FogDensity: 0.01
  m_LinearFogStart: 0
  m_LinearFogEnd: 300
  m_AmbientSkyColor: {r: 0.212, g: 0.227, b: 0.259, a: 1}
  m_AmbientEquatorColor: {r: 0.114, g: 0.125, b: 0.133, a: 1}
  m_AmbientGroundColor: {r: 0.047, g: 0.043, b: 0.035, a: 1}
  m_AmbientIntensity: 1
  m_AmbientMode: 0
  m_SubtractiveShadowColor: {r: 0.42, g: 0.478, b: 0.627, a: 1}
  m_SkyboxMaterial: {fileID: 10304, guid: 0000000000000000f000000000000000, type: 0}
  m_HaloStrength: 0.5
  m_FlareStrength: 1
  m_FlareFadeSpeed: 3
  m_HaloTexture: {fileID: 0}
  m_SpotCookie: {fileID: 10001, guid: 0000000000000000e000000000000000, type: 0}
  m_DefaultReflectionMode: 0
  m_DefaultReflectionResolution: 128
  m_ReflectionBounces: 1
  m_ReflectionIntensity: 1
  m_CustomReflection: {fileID: 0}
  m_Sun: {fileID: 0}
  m_IndirectSpecularColor: {r: 0, g: 0, b: 0, a: 1}
  m_UseRadianceAmbientProbe: 0
--- !u!157 &3
LightmapSettings:
  m_ObjectHideFlags: 0
  serializedVersion: 12
  m_GIWorkflowMode: 1
  m_GISettings:
    serializedVersion: 2
    m_BounceScale: 1
    m_IndirectOutputScale: 1
    m_AlbedoBoost: 1
    m_EnvironmentLightingMode: 0
    m_EnableBakedLightmaps: 1
    m_EnableRealtimeLightmaps: 0
  m_LightmapEditorSettings:
    serializedVersion: 12
    m_Resolution: 2
    m_BakeResolution: 40
    m_AtlasSize: 1024
    m_AO: 0
    m_AOMaxDistance: 1
    m_CompAOExponent: 1
    m_CompAOExponentDirect: 0
    m_ExtractAmbientOcclusion: 0
    m_Padding: 2
    m_LightmapParameters: {fileID: 0}
    m_LightmapsBakeMode: 1
    m_TextureCompression: 1
    m_FinalGather: 0
    m_FinalGatherFiltering: 1
    m_FinalGatherRayCount: 256
    m_ReflectionCompression: 2
    m_MixedBakeMode: 2
    m_BakeBackend: 1
    m_PVRSampling: 1
    m_PVRDirectSampleCount: 32
    m_PVRSampleCount: 512
    m_PVRBounces: 2
    m_PVREnvironmentSampleCount: 256
    m_PVREnvironmentReferencePointCount: 2048
    m_PVRFilteringMode: 1
    m_PVRDenoiserTypeDirect: 1
    m_PVRDenoiserTypeIndirect: 1
    m_PVRDenoiserTypeAO: 1
    m_PVRFilterTypeDirect: 0
    m_PVRFilterTypeIndirect: 0
    m_PVRFilterTypeAO: 0
    m_PVREnvironmentMIS: 1
    m_PVRCulling: 1
    m_PVRFilteringGaussRadiusDirect: 1
    m_PVRFilteringGaussRadiusIndirect: 5
    m_PVRFilteringGaussRadiusAO: 2
    m_PVRFilteringAtrousPositionSigmaDirect: 0.5
    m_PVRFilteringAtrousPositionSigmaIndirect: 2
    m_PVRFilteringAtrousPositionSigmaAO: 1
    m_ExportTrainingData: 0
    m_TrainingDataDestination: TrainingData
    m_LightProbeSampleCountMultiplier: 4
  m_LightingDataAsset: {fileID: 0}
  m_LightingSettings: {fileID: 0}
--- !u!196 &4
NavMeshSettings:
  serializedVersion: 2
  m_ObjectHideFlags: 0
  m_BuildSettings:
    serializedVersion: 2
    agentTypeID: 0
    agentRadius: 0.5
    agentHeight: 2
    agentSlope: 45
    agentClimb: 0.4
    ledgeDropHeight: 0
    maxJumpAcrossDistance: 0
    minRegionArea: 2
    manualCellSize: 0
    cellSize: 0.16666667
    manualTileSize: 0
    tileSize: 256
    accuratePlacement: 0
    maxJobWorkers: 0
    preserveTilesOutsideBounds: 0
    debug:
      m_Flags: 0
  m_NavMeshData: {fileID: 23800000, guid: 46ec0cdc2b454d44db62736796b616b8, type: 2}
--- !u!1 &17460555
GameObject:
  m_ObjectHideFlags: 0
  m_CorrespondingSourceObject: {fileID: 0}
  m_PrefabInstance: {fileID: 0}
  m_PrefabAsset: {fileID: 0}
  serializedVersion: 6
  m_Component:
  - component: {fileID: 17460556}
  - component: {fileID: 17460558}
  - component: {fileID: 17460557}
  m_Layer: 8
  m_Name: Terrain
  m_TagString: Untagged
  m_Icon: {fileID: 0}
  m_NavMeshLayer: 0
  m_StaticEditorFlags: 4294967295
  m_IsActive: 1
--- !u!4 &17460556
Transform:
  m_ObjectHideFlags: 0
  m_CorrespondingSourceObject: {fileID: 0}
  m_PrefabInstance: {fileID: 0}
  m_PrefabAsset: {fileID: 0}
  m_GameObject: {fileID: 17460555}
  m_LocalRotation: {x: -0, y: -0, z: -0, w: 1}
  m_LocalPosition: {x: -487.7, y: 0, z: -245.6}
  m_LocalScale: {x: 0.2, y: 0.2, z: 0.2}
  m_Children: []
  m_Father: {fileID: 0}
  m_RootOrder: 3
  m_LocalEulerAnglesHint: {x: 0, y: 0, z: 0}
--- !u!154 &17460557
TerrainCollider:
  m_ObjectHideFlags: 0
  m_CorrespondingSourceObject: {fileID: 0}
  m_PrefabInstance: {fileID: 0}
  m_PrefabAsset: {fileID: 0}
  m_GameObject: {fileID: 17460555}
  m_Material: {fileID: 0}
  m_Enabled: 1
  m_TerrainData: {fileID: 15600000, guid: 077ea20e7dde68d4abb84173f39df33b, type: 2}
  m_EnableTreeColliders: 1
--- !u!218 &17460558
Terrain:
  m_ObjectHideFlags: 0
  m_CorrespondingSourceObject: {fileID: 0}
  m_PrefabInstance: {fileID: 0}
  m_PrefabAsset: {fileID: 0}
  m_GameObject: {fileID: 17460555}
  m_Enabled: 1
  serializedVersion: 6
  m_TerrainData: {fileID: 15600000, guid: 077ea20e7dde68d4abb84173f39df33b, type: 2}
  m_TreeDistance: 5000
  m_TreeBillboardDistance: 50
  m_TreeCrossFadeLength: 5
  m_TreeMaximumFullLODCount: 50
  m_DetailObjectDistance: 80
  m_DetailObjectDensity: 1
  m_HeightmapPixelError: 5
  m_SplatMapDistance: 1000
  m_HeightmapMaximumLOD: 0
  m_ShadowCastingMode: 2
  m_DrawHeightmap: 1
  m_DrawInstanced: 0
  m_DrawTreesAndFoliage: 1
  m_ReflectionProbeUsage: 1
  m_MaterialTemplate: {fileID: 10652, guid: 0000000000000000f000000000000000, type: 0}
  m_BakeLightProbesForTrees: 1
  m_PreserveTreePrototypeLayers: 0
  m_DeringLightProbesForTrees: 1
  m_ScaleInLightmap: 0.0256
  m_LightmapParameters: {fileID: 15203, guid: 0000000000000000f000000000000000, type: 0}
  m_GroupingID: 0
  m_RenderingLayerMask: 1
  m_AllowAutoConnect: 1
--- !u!4 &19350460 stripped
Transform:
  m_CorrespondingSourceObject: {fileID: 435552, guid: 28f91da9598e39e419f3030684719fcc, type: 3}
  m_PrefabInstance: {fileID: 46528242}
  m_PrefabAsset: {fileID: 0}
--- !u!1001 &46528242
PrefabInstance:
  m_ObjectHideFlags: 0
  serializedVersion: 2
  m_Modification:
    m_TransformParent: {fileID: 1819890414}
    m_Modifications:
    - target: {fileID: 100904, guid: 28f91da9598e39e419f3030684719fcc, type: 3}
      propertyPath: m_Name
      value: Barrel
      objectReference: {fileID: 0}
    - target: {fileID: 435552, guid: 28f91da9598e39e419f3030684719fcc, type: 3}
      propertyPath: m_LocalPosition.x
      value: 5.8541865
      objectReference: {fileID: 0}
    - target: {fileID: 435552, guid: 28f91da9598e39e419f3030684719fcc, type: 3}
      propertyPath: m_LocalPosition.y
      value: -2.571857
      objectReference: {fileID: 0}
    - target: {fileID: 435552, guid: 28f91da9598e39e419f3030684719fcc, type: 3}
      propertyPath: m_LocalPosition.z
      value: -4.153737
      objectReference: {fileID: 0}
    - target: {fileID: 435552, guid: 28f91da9598e39e419f3030684719fcc, type: 3}
      propertyPath: m_LocalRotation.x
      value: -0.7071068
      objectReference: {fileID: 0}
    - target: {fileID: 435552, guid: 28f91da9598e39e419f3030684719fcc, type: 3}
      propertyPath: m_LocalRotation.y
      value: -0
      objectReference: {fileID: 0}
    - target: {fileID: 435552, guid: 28f91da9598e39e419f3030684719fcc, type: 3}
      propertyPath: m_LocalRotation.z
      value: -0
      objectReference: {fileID: 0}
    - target: {fileID: 435552, guid: 28f91da9598e39e419f3030684719fcc, type: 3}
      propertyPath: m_LocalRotation.w
      value: 0.7071067
      objectReference: {fileID: 0}
    - target: {fileID: 435552, guid: 28f91da9598e39e419f3030684719fcc, type: 3}
      propertyPath: m_RootOrder
      value: 1
      objectReference: {fileID: 0}
    - target: {fileID: 435552, guid: 28f91da9598e39e419f3030684719fcc, type: 3}
      propertyPath: m_LocalEulerAnglesHint.x
      value: 0
      objectReference: {fileID: 0}
    - target: {fileID: 435552, guid: 28f91da9598e39e419f3030684719fcc, type: 3}
      propertyPath: m_LocalEulerAnglesHint.y
      value: 0
      objectReference: {fileID: 0}
    - target: {fileID: 435552, guid: 28f91da9598e39e419f3030684719fcc, type: 3}
      propertyPath: m_LocalEulerAnglesHint.z
      value: 0
      objectReference: {fileID: 0}
    m_RemovedComponents: []
  m_SourcePrefab: {fileID: 100100000, guid: 28f91da9598e39e419f3030684719fcc, type: 3}
--- !u!4 &47585652 stripped
Transform:
  m_CorrespondingSourceObject: {fileID: 404770, guid: 43972cadef1914d4f81ad6e4d8678cd1, type: 3}
  m_PrefabInstance: {fileID: 671525882}
  m_PrefabAsset: {fileID: 0}
--- !u!1001 &142072734
PrefabInstance:
  m_ObjectHideFlags: 0
  serializedVersion: 2
  m_Modification:
    m_TransformParent: {fileID: 1537525480}
    m_Modifications:
    - target: {fileID: 771535933456905353, guid: d34ba720e4217ab47a3b6c45d2c666a4, type: 3}
      propertyPath: m_Name
      value: Platelegs
      objectReference: {fileID: 0}
    - target: {fileID: 3164142711082961546, guid: d34ba720e4217ab47a3b6c45d2c666a4, type: 3}
      propertyPath: m_LocalPosition.x
      value: 0
      objectReference: {fileID: 0}
    - target: {fileID: 3164142711082961546, guid: d34ba720e4217ab47a3b6c45d2c666a4, type: 3}
      propertyPath: m_LocalPosition.y
      value: 0
      objectReference: {fileID: 0}
    - target: {fileID: 3164142711082961546, guid: d34ba720e4217ab47a3b6c45d2c666a4, type: 3}
      propertyPath: m_LocalPosition.z
      value: 0
      objectReference: {fileID: 0}
    - target: {fileID: 3164142711082961546, guid: d34ba720e4217ab47a3b6c45d2c666a4, type: 3}
      propertyPath: m_LocalRotation.x
      value: 0
      objectReference: {fileID: 0}
    - target: {fileID: 3164142711082961546, guid: d34ba720e4217ab47a3b6c45d2c666a4, type: 3}
      propertyPath: m_LocalRotation.y
      value: 0
      objectReference: {fileID: 0}
    - target: {fileID: 3164142711082961546, guid: d34ba720e4217ab47a3b6c45d2c666a4, type: 3}
      propertyPath: m_LocalRotation.z
      value: 0
      objectReference: {fileID: 0}
    - target: {fileID: 3164142711082961546, guid: d34ba720e4217ab47a3b6c45d2c666a4, type: 3}
      propertyPath: m_LocalRotation.w
      value: 1
      objectReference: {fileID: 0}
    - target: {fileID: 3164142711082961546, guid: d34ba720e4217ab47a3b6c45d2c666a4, type: 3}
      propertyPath: m_RootOrder
      value: 0
      objectReference: {fileID: 0}
    - target: {fileID: 3164142711082961546, guid: d34ba720e4217ab47a3b6c45d2c666a4, type: 3}
      propertyPath: m_LocalEulerAnglesHint.x
      value: 0
      objectReference: {fileID: 0}
    - target: {fileID: 3164142711082961546, guid: d34ba720e4217ab47a3b6c45d2c666a4, type: 3}
      propertyPath: m_LocalEulerAnglesHint.y
      value: 0
      objectReference: {fileID: 0}
    - target: {fileID: 3164142711082961546, guid: d34ba720e4217ab47a3b6c45d2c666a4, type: 3}
      propertyPath: m_LocalEulerAnglesHint.z
      value: 0
      objectReference: {fileID: 0}
    m_RemovedComponents: []
  m_SourcePrefab: {fileID: 100100000, guid: d34ba720e4217ab47a3b6c45d2c666a4, type: 3}
--- !u!1001 &144044245
PrefabInstance:
  m_ObjectHideFlags: 0
  serializedVersion: 2
  m_Modification:
    m_TransformParent: {fileID: 1819890414}
    m_Modifications:
    - target: {fileID: 131126, guid: b2e876bb6e0ba0a42b628002c60efe3b, type: 3}
      propertyPath: m_Name
      value: Fence_c
      objectReference: {fileID: 0}
    - target: {fileID: 442798, guid: b2e876bb6e0ba0a42b628002c60efe3b, type: 3}
      propertyPath: m_LocalPosition.x
      value: -2.676563
      objectReference: {fileID: 0}
    - target: {fileID: 442798, guid: b2e876bb6e0ba0a42b628002c60efe3b, type: 3}
      propertyPath: m_LocalPosition.y
      value: -2.571838
      objectReference: {fileID: 0}
    - target: {fileID: 442798, guid: b2e876bb6e0ba0a42b628002c60efe3b, type: 3}
      propertyPath: m_LocalPosition.z
      value: -1.4224758
      objectReference: {fileID: 0}
    - target: {fileID: 442798, guid: b2e876bb6e0ba0a42b628002c60efe3b, type: 3}
      propertyPath: m_LocalRotation.x
      value: -0.7071068
      objectReference: {fileID: 0}
    - target: {fileID: 442798, guid: b2e876bb6e0ba0a42b628002c60efe3b, type: 3}
      propertyPath: m_LocalRotation.y
      value: -0
      objectReference: {fileID: 0}
    - target: {fileID: 442798, guid: b2e876bb6e0ba0a42b628002c60efe3b, type: 3}
      propertyPath: m_LocalRotation.z
      value: -0
      objectReference: {fileID: 0}
    - target: {fileID: 442798, guid: b2e876bb6e0ba0a42b628002c60efe3b, type: 3}
      propertyPath: m_LocalRotation.w
      value: 0.7071067
      objectReference: {fileID: 0}
    - target: {fileID: 442798, guid: b2e876bb6e0ba0a42b628002c60efe3b, type: 3}
      propertyPath: m_RootOrder
      value: 7
      objectReference: {fileID: 0}
    - target: {fileID: 442798, guid: b2e876bb6e0ba0a42b628002c60efe3b, type: 3}
      propertyPath: m_LocalEulerAnglesHint.x
      value: 0
      objectReference: {fileID: 0}
    - target: {fileID: 442798, guid: b2e876bb6e0ba0a42b628002c60efe3b, type: 3}
      propertyPath: m_LocalEulerAnglesHint.y
      value: 0
      objectReference: {fileID: 0}
    - target: {fileID: 442798, guid: b2e876bb6e0ba0a42b628002c60efe3b, type: 3}
      propertyPath: m_LocalEulerAnglesHint.z
      value: 0
      objectReference: {fileID: 0}
    m_RemovedComponents: []
  m_SourcePrefab: {fileID: 100100000, guid: b2e876bb6e0ba0a42b628002c60efe3b, type: 3}
--- !u!1 &208579123
GameObject:
  m_ObjectHideFlags: 0
  m_CorrespondingSourceObject: {fileID: 0}
  m_PrefabInstance: {fileID: 0}
  m_PrefabAsset: {fileID: 0}
  serializedVersion: 6
  m_Component:
  - component: {fileID: 208579124}
  - component: {fileID: 208579126}
  - component: {fileID: 208579125}
  m_Layer: 0
  m_Name: Sword
  m_TagString: Untagged
  m_Icon: {fileID: 0}
  m_NavMeshLayer: 0
  m_StaticEditorFlags: 0
  m_IsActive: 1
--- !u!4 &208579124
Transform:
  m_ObjectHideFlags: 0
  m_CorrespondingSourceObject: {fileID: 0}
  m_PrefabInstance: {fileID: 0}
  m_PrefabAsset: {fileID: 0}
  m_GameObject: {fileID: 208579123}
  m_LocalRotation: {x: -0, y: -0, z: -0, w: 1}
  m_LocalPosition: {x: -9.059999, y: -0.83424264, z: 0.9748788}
  m_LocalScale: {x: 1, y: 1, z: 1}
  m_Children:
  - {fileID: 350786704}
  m_Father: {fileID: 414885953}
  m_RootOrder: 4
  m_LocalEulerAnglesHint: {x: 0, y: 0, z: 0}
--- !u!114 &208579125
MonoBehaviour:
  m_ObjectHideFlags: 0
  m_CorrespondingSourceObject: {fileID: 0}
  m_PrefabInstance: {fileID: 0}
  m_PrefabAsset: {fileID: 0}
  m_GameObject: {fileID: 208579123}
  m_Enabled: 1
  m_EditorHideFlags: 0
  m_Script: {fileID: 11500000, guid: 3c1c650cb55592641b62ed400c8fbe84, type: 3}
  m_Name: 
  m_EditorClassIdentifier: 
  radius: 1
  interactionTransform: {fileID: 208579124}
  item: {fileID: 11400000, guid: c717031d004fdcb418979738890e934c, type: 2}
--- !u!65 &208579126
BoxCollider:
  m_ObjectHideFlags: 0
  m_CorrespondingSourceObject: {fileID: 0}
  m_PrefabInstance: {fileID: 0}
  m_PrefabAsset: {fileID: 0}
  m_GameObject: {fileID: 208579123}
  m_Material: {fileID: 0}
  m_IsTrigger: 0
  m_Enabled: 1
  serializedVersion: 2
  m_Size: {x: 1, y: 1, z: 1}
  m_Center: {x: 0, y: 0, z: 0}
--- !u!4 &264487456 stripped
Transform:
  m_CorrespondingSourceObject: {fileID: 5413424534740336833, guid: abe966c6f260ccb49ba30e2578b4386c, type: 3}
  m_PrefabInstance: {fileID: 1606791809}
  m_PrefabAsset: {fileID: 0}
--- !u!1 &350786703
GameObject:
  m_ObjectHideFlags: 0
  m_CorrespondingSourceObject: {fileID: 0}
  m_PrefabInstance: {fileID: 0}
  m_PrefabAsset: {fileID: 0}
  serializedVersion: 6
  m_Component:
  - component: {fileID: 350786704}
  - component: {fileID: 350786706}
  - component: {fileID: 350786705}
  m_Layer: 0
  m_Name: Sword
  m_TagString: Untagged
  m_Icon: {fileID: 0}
  m_NavMeshLayer: 0
  m_StaticEditorFlags: 0
  m_IsActive: 1
--- !u!4 &350786704
Transform:
  m_ObjectHideFlags: 0
  m_CorrespondingSourceObject: {fileID: 0}
  m_PrefabInstance: {fileID: 0}
  m_PrefabAsset: {fileID: 0}
  m_GameObject: {fileID: 350786703}
  m_LocalRotation: {x: 0.7119562, y: -0.67386913, z: 0.011859875, w: 0.19717559}
  m_LocalPosition: {x: -0.36, y: -0.11, z: 0.53}
  m_LocalScale: {x: 100.000015, y: 99.99996, z: 100}
  m_Children: []
  m_Father: {fileID: 208579124}
  m_RootOrder: 0
  m_LocalEulerAnglesHint: {x: -197.262, y: 15.104996, z: 89.157}
--- !u!23 &350786705
MeshRenderer:
  m_ObjectHideFlags: 0
  m_CorrespondingSourceObject: {fileID: 0}
  m_PrefabInstance: {fileID: 0}
  m_PrefabAsset: {fileID: 0}
  m_GameObject: {fileID: 350786703}
  m_Enabled: 1
  m_CastShadows: 1
  m_ReceiveShadows: 1
  m_DynamicOccludee: 1
  m_MotionVectors: 1
  m_LightProbeUsage: 1
  m_ReflectionProbeUsage: 1
  m_RayTracingMode: 2
  m_RayTraceProcedural: 0
  m_RenderingLayerMask: 1
  m_RendererPriority: 0
  m_Materials:
  - {fileID: -4586614339271560772, guid: 6b0b7513f9cce2a488b290a4c3723b86, type: 3}
  - {fileID: 7105848265697138794, guid: 6b0b7513f9cce2a488b290a4c3723b86, type: 3}
  - {fileID: 5988347114677481029, guid: 6b0b7513f9cce2a488b290a4c3723b86, type: 3}
  - {fileID: 2100000, guid: 37e2f2b08c2c13e48a4816bee6c998d0, type: 2}
  m_StaticBatchInfo:
    firstSubMesh: 0
    subMeshCount: 0
  m_StaticBatchRoot: {fileID: 0}
  m_ProbeAnchor: {fileID: 0}
  m_LightProbeVolumeOverride: {fileID: 0}
  m_ScaleInLightmap: 1
  m_ReceiveGI: 1
  m_PreserveUVs: 0
  m_IgnoreNormalsForChartDetection: 0
  m_ImportantGI: 0
  m_StitchLightmapSeams: 1
  m_SelectedEditorRenderState: 3
  m_MinimumChartSize: 4
  m_AutoUVMaxDistance: 0.5
  m_AutoUVMaxAngle: 89
  m_LightmapParameters: {fileID: 0}
  m_SortingLayerID: 0
  m_SortingLayer: 0
  m_SortingOrder: 0
  m_AdditionalVertexStreams: {fileID: 0}
--- !u!33 &350786706
MeshFilter:
  m_ObjectHideFlags: 0
  m_CorrespondingSourceObject: {fileID: 0}
  m_PrefabInstance: {fileID: 0}
  m_PrefabAsset: {fileID: 0}
  m_GameObject: {fileID: 350786703}
  m_Mesh: {fileID: 4686849319519084627, guid: 6b0b7513f9cce2a488b290a4c3723b86, type: 3}
--- !u!1001 &410501653
PrefabInstance:
  m_ObjectHideFlags: 0
  serializedVersion: 2
  m_Modification:
    m_TransformParent: {fileID: 1592171565}
    m_Modifications:
    - target: {fileID: 2063987364199199025, guid: b06b5914e5a9a3444a130e748f359933, type: 3}
      propertyPath: m_Name
      value: Helmet
      objectReference: {fileID: 0}
    - target: {fileID: 4457145768410545532, guid: b06b5914e5a9a3444a130e748f359933, type: 3}
      propertyPath: m_LocalPosition.x
      value: 0
      objectReference: {fileID: 0}
    - target: {fileID: 4457145768410545532, guid: b06b5914e5a9a3444a130e748f359933, type: 3}
      propertyPath: m_LocalPosition.y
      value: 0
      objectReference: {fileID: 0}
    - target: {fileID: 4457145768410545532, guid: b06b5914e5a9a3444a130e748f359933, type: 3}
      propertyPath: m_LocalPosition.z
      value: 0
      objectReference: {fileID: 0}
    - target: {fileID: 4457145768410545532, guid: b06b5914e5a9a3444a130e748f359933, type: 3}
      propertyPath: m_LocalRotation.x
      value: -0.7071068
      objectReference: {fileID: 0}
    - target: {fileID: 4457145768410545532, guid: b06b5914e5a9a3444a130e748f359933, type: 3}
      propertyPath: m_LocalRotation.y
      value: 0
      objectReference: {fileID: 0}
    - target: {fileID: 4457145768410545532, guid: b06b5914e5a9a3444a130e748f359933, type: 3}
      propertyPath: m_LocalRotation.z
      value: 0
      objectReference: {fileID: 0}
    - target: {fileID: 4457145768410545532, guid: b06b5914e5a9a3444a130e748f359933, type: 3}
      propertyPath: m_LocalRotation.w
      value: 0.7071068
      objectReference: {fileID: 0}
    - target: {fileID: 4457145768410545532, guid: b06b5914e5a9a3444a130e748f359933, type: 3}
      propertyPath: m_RootOrder
      value: 0
      objectReference: {fileID: 0}
    - target: {fileID: 4457145768410545532, guid: b06b5914e5a9a3444a130e748f359933, type: 3}
      propertyPath: m_LocalEulerAnglesHint.x
      value: -90
      objectReference: {fileID: 0}
    - target: {fileID: 4457145768410545532, guid: b06b5914e5a9a3444a130e748f359933, type: 3}
      propertyPath: m_LocalEulerAnglesHint.y
      value: 0
      objectReference: {fileID: 0}
    - target: {fileID: 4457145768410545532, guid: b06b5914e5a9a3444a130e748f359933, type: 3}
      propertyPath: m_LocalEulerAnglesHint.z
      value: 0
      objectReference: {fileID: 0}
    m_RemovedComponents: []
  m_SourcePrefab: {fileID: 100100000, guid: b06b5914e5a9a3444a130e748f359933, type: 3}
--- !u!1 &414885952
GameObject:
  m_ObjectHideFlags: 0
  m_CorrespondingSourceObject: {fileID: 0}
  m_PrefabInstance: {fileID: 0}
  m_PrefabAsset: {fileID: 0}
  serializedVersion: 6
  m_Component:
  - component: {fileID: 414885953}
  m_Layer: 0
  m_Name: PlatesPickup
  m_TagString: Untagged
  m_Icon: {fileID: 0}
  m_NavMeshLayer: 0
  m_StaticEditorFlags: 0
  m_IsActive: 1
--- !u!4 &414885953
Transform:
  m_ObjectHideFlags: 0
  m_CorrespondingSourceObject: {fileID: 0}
  m_PrefabInstance: {fileID: 0}
  m_PrefabAsset: {fileID: 0}
  m_GameObject: {fileID: 414885952}
  m_LocalRotation: {x: 0, y: 0, z: 0, w: 1}
  m_LocalPosition: {x: 0.61034536, y: 1.0932426, z: -5.8838787}
  m_LocalScale: {x: 1, y: 1, z: 1}
  m_Children:
  - {fileID: 1592171565}
  - {fileID: 1537525480}
  - {fileID: 1778548108}
  - {fileID: 832486481}
  - {fileID: 208579124}
  m_Father: {fileID: 0}
  m_RootOrder: 4
  m_LocalEulerAnglesHint: {x: 0, y: 0, z: 0}
--- !u!1001 &435389223
PrefabInstance:
  m_ObjectHideFlags: 0
  serializedVersion: 2
  m_Modification:
    m_TransformParent: {fileID: 1819890414}
    m_Modifications:
    - target: {fileID: 143988, guid: 6fd54acd041ece64482dd792ac729572, type: 3}
      propertyPath: m_Name
      value: Sack_b
      objectReference: {fileID: 0}
    - target: {fileID: 435634, guid: 6fd54acd041ece64482dd792ac729572, type: 3}
      propertyPath: m_LocalPosition.x
      value: 3.384973
      objectReference: {fileID: 0}
    - target: {fileID: 435634, guid: 6fd54acd041ece64482dd792ac729572, type: 3}
      propertyPath: m_LocalPosition.y
      value: -2.4347558
      objectReference: {fileID: 0}
    - target: {fileID: 435634, guid: 6fd54acd041ece64482dd792ac729572, type: 3}
      propertyPath: m_LocalPosition.z
      value: 5.927702
      objectReference: {fileID: 0}
    - target: {fileID: 435634, guid: 6fd54acd041ece64482dd792ac729572, type: 3}
      propertyPath: m_LocalRotation.x
      value: -0.7071068
      objectReference: {fileID: 0}
    - target: {fileID: 435634, guid: 6fd54acd041ece64482dd792ac729572, type: 3}
      propertyPath: m_LocalRotation.y
      value: -0
      objectReference: {fileID: 0}
    - target: {fileID: 435634, guid: 6fd54acd041ece64482dd792ac729572, type: 3}
      propertyPath: m_LocalRotation.z
      value: -0
      objectReference: {fileID: 0}
    - target: {fileID: 435634, guid: 6fd54acd041ece64482dd792ac729572, type: 3}
      propertyPath: m_LocalRotation.w
      value: 0.7071067
      objectReference: {fileID: 0}
    - target: {fileID: 435634, guid: 6fd54acd041ece64482dd792ac729572, type: 3}
      propertyPath: m_RootOrder
      value: 9
      objectReference: {fileID: 0}
    - target: {fileID: 435634, guid: 6fd54acd041ece64482dd792ac729572, type: 3}
      propertyPath: m_LocalEulerAnglesHint.x
      value: 0
      objectReference: {fileID: 0}
    - target: {fileID: 435634, guid: 6fd54acd041ece64482dd792ac729572, type: 3}
      propertyPath: m_LocalEulerAnglesHint.y
      value: 0
      objectReference: {fileID: 0}
    - target: {fileID: 435634, guid: 6fd54acd041ece64482dd792ac729572, type: 3}
      propertyPath: m_LocalEulerAnglesHint.z
      value: 0
      objectReference: {fileID: 0}
    m_RemovedComponents: []
  m_SourcePrefab: {fileID: 100100000, guid: 6fd54acd041ece64482dd792ac729572, type: 3}
--- !u!4 &545990218 stripped
Transform:
  m_CorrespondingSourceObject: {fileID: 453354, guid: f7967af397df22847975f89c8e017716, type: 3}
  m_PrefabInstance: {fileID: 1467966258}
  m_PrefabAsset: {fileID: 0}
--- !u!1 &606393367
GameObject:
  m_ObjectHideFlags: 0
  m_CorrespondingSourceObject: {fileID: 0}
  m_PrefabInstance: {fileID: 0}
  m_PrefabAsset: {fileID: 0}
  serializedVersion: 6
  m_Component:
  - component: {fileID: 606393368}
  m_Layer: 0
  m_Name: InteractionPoint
  m_TagString: Untagged
  m_Icon: {fileID: 0}
  m_NavMeshLayer: 0
  m_StaticEditorFlags: 0
  m_IsActive: 1
--- !u!4 &606393368
Transform:
  m_ObjectHideFlags: 0
  m_CorrespondingSourceObject: {fileID: 0}
  m_PrefabInstance: {fileID: 0}
  m_PrefabAsset: {fileID: 0}
  m_GameObject: {fileID: 606393367}
  m_LocalRotation: {x: -0, y: -0, z: -0, w: 1}
  m_LocalPosition: {x: 0.049, y: 0.18, z: -0.16}
  m_LocalScale: {x: 1, y: 1, z: 1}
  m_Children: []
  m_Father: {fileID: 1498659222}
  m_RootOrder: 0
  m_LocalEulerAnglesHint: {x: 0, y: 0, z: 0}
--- !u!1001 &671525882
PrefabInstance:
  m_ObjectHideFlags: 0
  serializedVersion: 2
  m_Modification:
    m_TransformParent: {fileID: 1819890414}
    m_Modifications:
    - target: {fileID: 189790, guid: 43972cadef1914d4f81ad6e4d8678cd1, type: 3}
      propertyPath: m_Name
      value: Food_b
      objectReference: {fileID: 0}
    - target: {fileID: 404770, guid: 43972cadef1914d4f81ad6e4d8678cd1, type: 3}
      propertyPath: m_LocalPosition.x
      value: -7.6201158
      objectReference: {fileID: 0}
    - target: {fileID: 404770, guid: 43972cadef1914d4f81ad6e4d8678cd1, type: 3}
      propertyPath: m_LocalPosition.y
      value: -2.5718398
      objectReference: {fileID: 0}
    - target: {fileID: 404770, guid: 43972cadef1914d4f81ad6e4d8678cd1, type: 3}
      propertyPath: m_LocalPosition.z
      value: 2.3353558
      objectReference: {fileID: 0}
    - target: {fileID: 404770, guid: 43972cadef1914d4f81ad6e4d8678cd1, type: 3}
      propertyPath: m_LocalRotation.x
      value: -0.7071068
      objectReference: {fileID: 0}
    - target: {fileID: 404770, guid: 43972cadef1914d4f81ad6e4d8678cd1, type: 3}
      propertyPath: m_LocalRotation.y
      value: -0
      objectReference: {fileID: 0}
    - target: {fileID: 404770, guid: 43972cadef1914d4f81ad6e4d8678cd1, type: 3}
      propertyPath: m_LocalRotation.z
      value: -0
      objectReference: {fileID: 0}
    - target: {fileID: 404770, guid: 43972cadef1914d4f81ad6e4d8678cd1, type: 3}
      propertyPath: m_LocalRotation.w
      value: 0.7071067
      objectReference: {fileID: 0}
    - target: {fileID: 404770, guid: 43972cadef1914d4f81ad6e4d8678cd1, type: 3}
      propertyPath: m_RootOrder
      value: 3
      objectReference: {fileID: 0}
    - target: {fileID: 404770, guid: 43972cadef1914d4f81ad6e4d8678cd1, type: 3}
      propertyPath: m_LocalEulerAnglesHint.x
      value: 0
      objectReference: {fileID: 0}
    - target: {fileID: 404770, guid: 43972cadef1914d4f81ad6e4d8678cd1, type: 3}
      propertyPath: m_LocalEulerAnglesHint.y
      value: 0
      objectReference: {fileID: 0}
    - target: {fileID: 404770, guid: 43972cadef1914d4f81ad6e4d8678cd1, type: 3}
      propertyPath: m_LocalEulerAnglesHint.z
      value: 0
      objectReference: {fileID: 0}
    m_RemovedComponents: []
  m_SourcePrefab: {fileID: 100100000, guid: 43972cadef1914d4f81ad6e4d8678cd1, type: 3}
--- !u!1 &702546527
GameObject:
  m_ObjectHideFlags: 0
  m_CorrespondingSourceObject: {fileID: 0}
  m_PrefabInstance: {fileID: 0}
  m_PrefabAsset: {fileID: 0}
  serializedVersion: 6
  m_Component:
  - component: {fileID: 702546529}
  - component: {fileID: 702546528}
  m_Layer: 0
  m_Name: Directional Light
  m_TagString: Untagged
  m_Icon: {fileID: 0}
  m_NavMeshLayer: 0
  m_StaticEditorFlags: 0
  m_IsActive: 1
--- !u!108 &702546528
Light:
  m_ObjectHideFlags: 0
  m_CorrespondingSourceObject: {fileID: 0}
  m_PrefabInstance: {fileID: 0}
  m_PrefabAsset: {fileID: 0}
  m_GameObject: {fileID: 702546527}
  m_Enabled: 1
  serializedVersion: 10
  m_Type: 1
  m_Shape: 0
  m_Color: {r: 1, g: 0.95686275, b: 0.8392157, a: 1}
  m_Intensity: 1
  m_Range: 10
  m_SpotAngle: 30
  m_InnerSpotAngle: 21.80208
  m_CookieSize: 10
  m_Shadows:
    m_Type: 2
    m_Resolution: -1
    m_CustomResolution: -1
    m_Strength: 0.626
    m_Bias: 0.05
    m_NormalBias: 0
    m_NearPlane: 0.2
    m_CullingMatrixOverride:
      e00: 1
      e01: 0
      e02: 0
      e03: 0
      e10: 0
      e11: 1
      e12: 0
      e13: 0
      e20: 0
      e21: 0
      e22: 1
      e23: 0
      e30: 0
      e31: 0
      e32: 0
      e33: 1
    m_UseCullingMatrixOverride: 0
  m_Cookie: {fileID: 0}
  m_DrawHalo: 0
  m_Flare: {fileID: 0}
  m_RenderMode: 0
  m_CullingMask:
    serializedVersion: 2
    m_Bits: 4294967295
  m_RenderingLayerMask: 1
  m_Lightmapping: 4
  m_LightShadowCasterMode: 0
  m_AreaSize: {x: 1, y: 1}
  m_BounceIntensity: 1
  m_ColorTemperature: 6570
  m_UseColorTemperature: 0
  m_BoundingSphereOverride: {x: 0, y: 0, z: 0, w: 0}
  m_UseBoundingSphereOverride: 0
  m_ShadowRadius: 0
  m_ShadowAngle: 0
--- !u!4 &702546529
Transform:
  m_ObjectHideFlags: 0
  m_CorrespondingSourceObject: {fileID: 0}
  m_PrefabInstance: {fileID: 0}
  m_PrefabAsset: {fileID: 0}
  m_GameObject: {fileID: 702546527}
  m_LocalRotation: {x: 0.3557986, y: 0.42120054, z: -0.19514236, w: 0.8111208}
  m_LocalPosition: {x: -17.21, y: 11.4, z: -19.35}
  m_LocalScale: {x: 1, y: 1, z: 1}
  m_Children: []
  m_Father: {fileID: 0}
  m_RootOrder: 0
  m_LocalEulerAnglesHint: {x: 47.866, y: 54.246, z: -1.439}
--- !u!1 &799532564
GameObject:
  m_ObjectHideFlags: 0
  m_CorrespondingSourceObject: {fileID: 0}
  m_PrefabInstance: {fileID: 0}
  m_PrefabAsset: {fileID: 0}
  serializedVersion: 6
  m_Component:
  - component: {fileID: 799532568}
  - component: {fileID: 799532567}
  - component: {fileID: 799532566}
  - component: {fileID: 799532565}
  - component: {fileID: 799532569}
  - component: {fileID: 799532571}
  - component: {fileID: 799532570}
  - component: {fileID: 799532572}
  m_Layer: 0
  m_Name: Enemy
  m_TagString: Untagged
  m_Icon: {fileID: 0}
  m_NavMeshLayer: 0
  m_StaticEditorFlags: 0
  m_IsActive: 1
--- !u!54 &799532565
Rigidbody:
  m_ObjectHideFlags: 0
  m_CorrespondingSourceObject: {fileID: 0}
  m_PrefabInstance: {fileID: 0}
  m_PrefabAsset: {fileID: 0}
  m_GameObject: {fileID: 799532564}
  serializedVersion: 2
  m_Mass: 1
  m_Drag: 0
  m_AngularDrag: 0.05
  m_UseGravity: 1
  m_IsKinematic: 1
  m_Interpolate: 0
  m_Constraints: 0
  m_CollisionDetection: 0
--- !u!195 &799532566
NavMeshAgent:
  m_ObjectHideFlags: 0
  m_CorrespondingSourceObject: {fileID: 0}
  m_PrefabInstance: {fileID: 0}
  m_PrefabAsset: {fileID: 0}
  m_GameObject: {fileID: 799532564}
  m_Enabled: 1
  m_AgentTypeID: 0
  m_Radius: 0.4
  m_Speed: 2
  m_Acceleration: 20
  avoidancePriority: 50
  m_AngularSpeed: 120
  m_StoppingDistance: 2
  m_AutoTraverseOffMeshLink: 1
  m_AutoBraking: 1
  m_AutoRepath: 1
  m_Height: 2
  m_BaseOffset: 0
  m_WalkableMask: 4294967295
  m_ObstacleAvoidanceType: 4
--- !u!136 &799532567
CapsuleCollider:
  m_ObjectHideFlags: 0
  m_CorrespondingSourceObject: {fileID: 0}
  m_PrefabInstance: {fileID: 0}
  m_PrefabAsset: {fileID: 0}
  m_GameObject: {fileID: 799532564}
  m_Material: {fileID: 0}
  m_IsTrigger: 0
  m_Enabled: 1
  m_Radius: 0.4
  m_Height: 2
  m_Direction: 1
  m_Center: {x: 0, y: 1, z: 0}
--- !u!4 &799532568
Transform:
  m_ObjectHideFlags: 0
  m_CorrespondingSourceObject: {fileID: 0}
  m_PrefabInstance: {fileID: 0}
  m_PrefabAsset: {fileID: 0}
  m_GameObject: {fileID: 799532564}
  m_LocalRotation: {x: 0, y: 0, z: 0, w: 1}
  m_LocalPosition: {x: 0, y: 0.36, z: -21.07}
  m_LocalScale: {x: 1, y: 1, z: 1}
  m_Children:
  - {fileID: 1355483130}
  m_Father: {fileID: 0}
  m_RootOrder: 5
  m_LocalEulerAnglesHint: {x: 0, y: 0, z: 0}
--- !u!114 &799532569
MonoBehaviour:
  m_ObjectHideFlags: 0
  m_CorrespondingSourceObject: {fileID: 0}
  m_PrefabInstance: {fileID: 0}
  m_PrefabAsset: {fileID: 0}
  m_GameObject: {fileID: 799532564}
  m_Enabled: 1
  m_EditorHideFlags: 0
  m_Script: {fileID: 11500000, guid: 6741fa49cbc665e46b5a74b05c37a4f8, type: 3}
  m_Name: 
  m_EditorClassIdentifier: 
  lookRadius: 10
--- !u!114 &799532570
MonoBehaviour:
  m_ObjectHideFlags: 0
  m_CorrespondingSourceObject: {fileID: 0}
  m_PrefabInstance: {fileID: 0}
  m_PrefabAsset: {fileID: 0}
  m_GameObject: {fileID: 799532564}
  m_Enabled: 1
  m_EditorHideFlags: 0
  m_Script: {fileID: 11500000, guid: 74a8b3e06a960a44f9e3a237f913352c, type: 3}
  m_Name: 
  m_EditorClassIdentifier: 
  maxHealth: 100
  healthBar: {fileID: 0}
  damage:
    baseValue: 5
  armor:
    baseValue: 3
--- !u!114 &799532571
MonoBehaviour:
  m_ObjectHideFlags: 0
  m_CorrespondingSourceObject: {fileID: 0}
  m_PrefabInstance: {fileID: 0}
  m_PrefabAsset: {fileID: 0}
  m_GameObject: {fileID: 799532564}
  m_Enabled: 1
  m_EditorHideFlags: 0
  m_Script: {fileID: 11500000, guid: 41c3f00868920344da66fda09e589ba2, type: 3}
  m_Name: 
  m_EditorClassIdentifier: 
  radius: 4
  interactionTransform: {fileID: 799532568}
--- !u!114 &799532572
MonoBehaviour:
  m_ObjectHideFlags: 0
  m_CorrespondingSourceObject: {fileID: 0}
  m_PrefabInstance: {fileID: 0}
  m_PrefabAsset: {fileID: 0}
  m_GameObject: {fileID: 799532564}
  m_Enabled: 1
  m_EditorHideFlags: 0
  m_Script: {fileID: 11500000, guid: 0660548119fcaef4cb3c6638997560b9, type: 3}
  m_Name: 
  m_EditorClassIdentifier: 
  attackSpeed: 1
  attackDelay: 0.6
--- !u!1 &832486480
GameObject:
  m_ObjectHideFlags: 0
  m_CorrespondingSourceObject: {fileID: 0}
  m_PrefabInstance: {fileID: 0}
  m_PrefabAsset: {fileID: 0}
  serializedVersion: 6
  m_Component:
  - component: {fileID: 832486481}
  - component: {fileID: 832486483}
  - component: {fileID: 832486482}
  m_Layer: 0
  m_Name: Shield
  m_TagString: Untagged
  m_Icon: {fileID: 0}
  m_NavMeshLayer: 0
  m_StaticEditorFlags: 0
  m_IsActive: 1
--- !u!4 &832486481
Transform:
  m_ObjectHideFlags: 0
  m_CorrespondingSourceObject: {fileID: 0}
  m_PrefabInstance: {fileID: 0}
  m_PrefabAsset: {fileID: 0}
  m_GameObject: {fileID: 832486480}
  m_LocalRotation: {x: -0, y: -0, z: -0, w: 1}
  m_LocalPosition: {x: -5.16, y: -0.83424264, z: 0.9748788}
  m_LocalScale: {x: 1, y: 1, z: 1}
  m_Children:
  - {fileID: 1675685002}
  m_Father: {fileID: 414885953}
  m_RootOrder: 3
  m_LocalEulerAnglesHint: {x: 0, y: 0, z: 0}
--- !u!114 &832486482
MonoBehaviour:
  m_ObjectHideFlags: 0
  m_CorrespondingSourceObject: {fileID: 0}
  m_PrefabInstance: {fileID: 0}
  m_PrefabAsset: {fileID: 0}
  m_GameObject: {fileID: 832486480}
  m_Enabled: 1
  m_EditorHideFlags: 0
  m_Script: {fileID: 11500000, guid: 3c1c650cb55592641b62ed400c8fbe84, type: 3}
  m_Name: 
  m_EditorClassIdentifier: 
  radius: 1
  interactionTransform: {fileID: 832486481}
  item: {fileID: 11400000, guid: d723d1049edd16546a254dc1ca93302a, type: 2}
--- !u!65 &832486483
BoxCollider:
  m_ObjectHideFlags: 0
  m_CorrespondingSourceObject: {fileID: 0}
  m_PrefabInstance: {fileID: 0}
  m_PrefabAsset: {fileID: 0}
  m_GameObject: {fileID: 832486480}
  m_Material: {fileID: 0}
  m_IsTrigger: 0
  m_Enabled: 1
  serializedVersion: 2
  m_Size: {x: 0.64, y: 1.02, z: 1.32}
  m_Center: {x: 0, y: 0, z: 0}
--- !u!1001 &861509629
PrefabInstance:
  m_ObjectHideFlags: 0
  serializedVersion: 2
  m_Modification:
    m_TransformParent: {fileID: 1819890414}
    m_Modifications:
    - target: {fileID: 183940, guid: 471c1eb32c770a54ea8a1c3ffbda1de6, type: 3}
      propertyPath: m_Name
      value: Grass
      objectReference: {fileID: 0}
    - target: {fileID: 409632, guid: 471c1eb32c770a54ea8a1c3ffbda1de6, type: 3}
      propertyPath: m_LocalPosition.x
      value: -5.194084
      objectReference: {fileID: 0}
    - target: {fileID: 409632, guid: 471c1eb32c770a54ea8a1c3ffbda1de6, type: 3}
      propertyPath: m_LocalPosition.y
      value: -2.5718436
      objectReference: {fileID: 0}
    - target: {fileID: 409632, guid: 471c1eb32c770a54ea8a1c3ffbda1de6, type: 3}
      propertyPath: m_LocalPosition.z
      value: -0.290411
      objectReference: {fileID: 0}
    - target: {fileID: 409632, guid: 471c1eb32c770a54ea8a1c3ffbda1de6, type: 3}
      propertyPath: m_LocalRotation.x
      value: -0
      objectReference: {fileID: 0}
    - target: {fileID: 409632, guid: 471c1eb32c770a54ea8a1c3ffbda1de6, type: 3}
      propertyPath: m_LocalRotation.y
      value: -0
      objectReference: {fileID: 0}
    - target: {fileID: 409632, guid: 471c1eb32c770a54ea8a1c3ffbda1de6, type: 3}
      propertyPath: m_LocalRotation.z
      value: -0
      objectReference: {fileID: 0}
    - target: {fileID: 409632, guid: 471c1eb32c770a54ea8a1c3ffbda1de6, type: 3}
      propertyPath: m_LocalRotation.w
      value: 1
      objectReference: {fileID: 0}
    - target: {fileID: 409632, guid: 471c1eb32c770a54ea8a1c3ffbda1de6, type: 3}
      propertyPath: m_RootOrder
      value: 2
      objectReference: {fileID: 0}
    - target: {fileID: 409632, guid: 471c1eb32c770a54ea8a1c3ffbda1de6, type: 3}
      propertyPath: m_LocalEulerAnglesHint.x
      value: 0
      objectReference: {fileID: 0}
    - target: {fileID: 409632, guid: 471c1eb32c770a54ea8a1c3ffbda1de6, type: 3}
      propertyPath: m_LocalEulerAnglesHint.y
      value: 0
      objectReference: {fileID: 0}
    - target: {fileID: 409632, guid: 471c1eb32c770a54ea8a1c3ffbda1de6, type: 3}
      propertyPath: m_LocalEulerAnglesHint.z
      value: 0
      objectReference: {fileID: 0}
    m_RemovedComponents: []
  m_SourcePrefab: {fileID: 100100000, guid: 471c1eb32c770a54ea8a1c3ffbda1de6, type: 3}
--- !u!1001 &868508112
PrefabInstance:
  m_ObjectHideFlags: 0
  serializedVersion: 2
  m_Modification:
    m_TransformParent: {fileID: 1819890414}
    m_Modifications:
    - target: {fileID: 162000, guid: 60a80932f15a9b5428719cf63049a198, type: 3}
      propertyPath: m_Name
      value: Building_d
      objectReference: {fileID: 0}
    - target: {fileID: 494012, guid: 60a80932f15a9b5428719cf63049a198, type: 3}
      propertyPath: m_LocalPosition.x
      value: 1.3115175
      objectReference: {fileID: 0}
    - target: {fileID: 494012, guid: 60a80932f15a9b5428719cf63049a198, type: 3}
      propertyPath: m_LocalPosition.y
      value: -2.5718436
      objectReference: {fileID: 0}
    - target: {fileID: 494012, guid: 60a80932f15a9b5428719cf63049a198, type: 3}
      propertyPath: m_LocalPosition.z
      value: 6.231531
      objectReference: {fileID: 0}
    - target: {fileID: 494012, guid: 60a80932f15a9b5428719cf63049a198, type: 3}
      propertyPath: m_LocalRotation.x
      value: 0.000000115202326
      objectReference: {fileID: 0}
    - target: {fileID: 494012, guid: 60a80932f15a9b5428719cf63049a198, type: 3}
      propertyPath: m_LocalRotation.y
      value: 0.7071067
      objectReference: {fileID: 0}
    - target: {fileID: 494012, guid: 60a80932f15a9b5428719cf63049a198, type: 3}
      propertyPath: m_LocalRotation.z
      value: 0.7071068
      objectReference: {fileID: 0}
    - target: {fileID: 494012, guid: 60a80932f15a9b5428719cf63049a198, type: 3}
      propertyPath: m_LocalRotation.w
      value: -0.00000011520231
      objectReference: {fileID: 0}
    - target: {fileID: 494012, guid: 60a80932f15a9b5428719cf63049a198, type: 3}
      propertyPath: m_RootOrder
      value: 0
      objectReference: {fileID: 0}
    - target: {fileID: 494012, guid: 60a80932f15a9b5428719cf63049a198, type: 3}
      propertyPath: m_LocalEulerAnglesHint.x
      value: 0
      objectReference: {fileID: 0}
    - target: {fileID: 494012, guid: 60a80932f15a9b5428719cf63049a198, type: 3}
      propertyPath: m_LocalEulerAnglesHint.y
      value: 0
      objectReference: {fileID: 0}
    - target: {fileID: 494012, guid: 60a80932f15a9b5428719cf63049a198, type: 3}
      propertyPath: m_LocalEulerAnglesHint.z
      value: 0
      objectReference: {fileID: 0}
    m_RemovedComponents: []
  m_SourcePrefab: {fileID: 100100000, guid: 60a80932f15a9b5428719cf63049a198, type: 3}
--- !u!4 &918670337 stripped
Transform:
  m_CorrespondingSourceObject: {fileID: 461212, guid: 75450dad01decb44b867e81c5a1fd604, type: 3}
  m_PrefabInstance: {fileID: 1962167970}
  m_PrefabAsset: {fileID: 0}
--- !u!4 &944106106 stripped
Transform:
  m_CorrespondingSourceObject: {fileID: 4457145768410545532, guid: b06b5914e5a9a3444a130e748f359933, type: 3}
  m_PrefabInstance: {fileID: 410501653}
  m_PrefabAsset: {fileID: 0}
--- !u!4 &959852596 stripped
Transform:
  m_CorrespondingSourceObject: {fileID: 464962, guid: 950c0a0cf14577549b026c95956a3c99, type: 3}
  m_PrefabInstance: {fileID: 1097208288}
  m_PrefabAsset: {fileID: 0}
--- !u!1001 &964120027
PrefabInstance:
  m_ObjectHideFlags: 0
  serializedVersion: 2
  m_Modification:
    m_TransformParent: {fileID: 1819890414}
    m_Modifications:
    - target: {fileID: 144714, guid: d2455836f34483a42b6613a8fc03a747, type: 3}
      propertyPath: m_Name
      value: Hay_a
      objectReference: {fileID: 0}
    - target: {fileID: 439942, guid: d2455836f34483a42b6613a8fc03a747, type: 3}
      propertyPath: m_LocalPosition.x
      value: -6.453759
      objectReference: {fileID: 0}
    - target: {fileID: 439942, guid: d2455836f34483a42b6613a8fc03a747, type: 3}
      propertyPath: m_LocalPosition.y
      value: -2.5718408
      objectReference: {fileID: 0}
    - target: {fileID: 439942, guid: d2455836f34483a42b6613a8fc03a747, type: 3}
      propertyPath: m_LocalPosition.z
      value: 6.8251476
      objectReference: {fileID: 0}
    - target: {fileID: 439942, guid: d2455836f34483a42b6613a8fc03a747, type: 3}
      propertyPath: m_LocalRotation.x
      value: -0.7071068
      objectReference: {fileID: 0}
    - target: {fileID: 439942, guid: d2455836f34483a42b6613a8fc03a747, type: 3}
      propertyPath: m_LocalRotation.y
      value: -0
      objectReference: {fileID: 0}
    - target: {fileID: 439942, guid: d2455836f34483a42b6613a8fc03a747, type: 3}
      propertyPath: m_LocalRotation.z
      value: -0
      objectReference: {fileID: 0}
    - target: {fileID: 439942, guid: d2455836f34483a42b6613a8fc03a747, type: 3}
      propertyPath: m_LocalRotation.w
      value: 0.7071067
      objectReference: {fileID: 0}
    - target: {fileID: 439942, guid: d2455836f34483a42b6613a8fc03a747, type: 3}
      propertyPath: m_RootOrder
      value: 4
      objectReference: {fileID: 0}
    - target: {fileID: 439942, guid: d2455836f34483a42b6613a8fc03a747, type: 3}
      propertyPath: m_LocalEulerAnglesHint.x
      value: 0
      objectReference: {fileID: 0}
    - target: {fileID: 439942, guid: d2455836f34483a42b6613a8fc03a747, type: 3}
      propertyPath: m_LocalEulerAnglesHint.y
      value: 0
      objectReference: {fileID: 0}
    - target: {fileID: 439942, guid: d2455836f34483a42b6613a8fc03a747, type: 3}
      propertyPath: m_LocalEulerAnglesHint.z
      value: 0
      objectReference: {fileID: 0}
    m_RemovedComponents: []
  m_SourcePrefab: {fileID: 100100000, guid: d2455836f34483a42b6613a8fc03a747, type: 3}
--- !u!4 &1013630606 stripped
Transform:
  m_CorrespondingSourceObject: {fileID: 468588, guid: 161bd54067fc8bc48992806fb7c4fe3b, type: 3}
  m_PrefabInstance: {fileID: 1123116528}
  m_PrefabAsset: {fileID: 0}
--- !u!1001 &1097208288
PrefabInstance:
  m_ObjectHideFlags: 0
  serializedVersion: 2
  m_Modification:
    m_TransformParent: {fileID: 1819890414}
    m_Modifications:
    - target: {fileID: 112464, guid: 950c0a0cf14577549b026c95956a3c99, type: 3}
      propertyPath: m_Name
      value: Fence_a
      objectReference: {fileID: 0}
    - target: {fileID: 464962, guid: 950c0a0cf14577549b026c95956a3c99, type: 3}
      propertyPath: m_LocalPosition.x
      value: 5.943299
      objectReference: {fileID: 0}
    - target: {fileID: 464962, guid: 950c0a0cf14577549b026c95956a3c99, type: 3}
      propertyPath: m_LocalPosition.y
      value: -2.5718513
      objectReference: {fileID: 0}
    - target: {fileID: 464962, guid: 950c0a0cf14577549b026c95956a3c99, type: 3}
      propertyPath: m_LocalPosition.z
      value: 7.814537
      objectReference: {fileID: 0}
    - target: {fileID: 464962, guid: 950c0a0cf14577549b026c95956a3c99, type: 3}
      propertyPath: m_LocalRotation.x
      value: -0.7071068
      objectReference: {fileID: 0}
    - target: {fileID: 464962, guid: 950c0a0cf14577549b026c95956a3c99, type: 3}
      propertyPath: m_LocalRotation.y
      value: -0
      objectReference: {fileID: 0}
    - target: {fileID: 464962, guid: 950c0a0cf14577549b026c95956a3c99, type: 3}
      propertyPath: m_LocalRotation.z
      value: -0
      objectReference: {fileID: 0}
    - target: {fileID: 464962, guid: 950c0a0cf14577549b026c95956a3c99, type: 3}
      propertyPath: m_LocalRotation.w
      value: 0.7071067
      objectReference: {fileID: 0}
    - target: {fileID: 464962, guid: 950c0a0cf14577549b026c95956a3c99, type: 3}
      propertyPath: m_RootOrder
      value: 5
      objectReference: {fileID: 0}
    - target: {fileID: 464962, guid: 950c0a0cf14577549b026c95956a3c99, type: 3}
      propertyPath: m_LocalEulerAnglesHint.x
      value: 0
      objectReference: {fileID: 0}
    - target: {fileID: 464962, guid: 950c0a0cf14577549b026c95956a3c99, type: 3}
      propertyPath: m_LocalEulerAnglesHint.y
      value: 0
      objectReference: {fileID: 0}
    - target: {fileID: 464962, guid: 950c0a0cf14577549b026c95956a3c99, type: 3}
      propertyPath: m_LocalEulerAnglesHint.z
      value: 0
      objectReference: {fileID: 0}
    m_RemovedComponents: []
  m_SourcePrefab: {fileID: 100100000, guid: 950c0a0cf14577549b026c95956a3c99, type: 3}
--- !u!1001 &1123116528
PrefabInstance:
  m_ObjectHideFlags: 0
  serializedVersion: 2
  m_Modification:
    m_TransformParent: {fileID: 1819890414}
    m_Modifications:
    - target: {fileID: 133160, guid: 161bd54067fc8bc48992806fb7c4fe3b, type: 3}
      propertyPath: m_Name
      value: Mushroom_a
      objectReference: {fileID: 0}
    - target: {fileID: 468588, guid: 161bd54067fc8bc48992806fb7c4fe3b, type: 3}
      propertyPath: m_LocalPosition.x
      value: 7.1618476
      objectReference: {fileID: 0}
    - target: {fileID: 468588, guid: 161bd54067fc8bc48992806fb7c4fe3b, type: 3}
      propertyPath: m_LocalPosition.y
      value: -2.5718493
      objectReference: {fileID: 0}
    - target: {fileID: 468588, guid: 161bd54067fc8bc48992806fb7c4fe3b, type: 3}
      propertyPath: m_LocalPosition.z
      value: 4.4463367
      objectReference: {fileID: 0}
    - target: {fileID: 468588, guid: 161bd54067fc8bc48992806fb7c4fe3b, type: 3}
      propertyPath: m_LocalRotation.x
      value: -0.7071068
      objectReference: {fileID: 0}
    - target: {fileID: 468588, guid: 161bd54067fc8bc48992806fb7c4fe3b, type: 3}
      propertyPath: m_LocalRotation.y
      value: -0
      objectReference: {fileID: 0}
    - target: {fileID: 468588, guid: 161bd54067fc8bc48992806fb7c4fe3b, type: 3}
      propertyPath: m_LocalRotation.z
      value: -0
      objectReference: {fileID: 0}
    - target: {fileID: 468588, guid: 161bd54067fc8bc48992806fb7c4fe3b, type: 3}
      propertyPath: m_LocalRotation.w
      value: 0.7071067
      objectReference: {fileID: 0}
    - target: {fileID: 468588, guid: 161bd54067fc8bc48992806fb7c4fe3b, type: 3}
      propertyPath: m_RootOrder
      value: 8
      objectReference: {fileID: 0}
    - target: {fileID: 468588, guid: 161bd54067fc8bc48992806fb7c4fe3b, type: 3}
      propertyPath: m_LocalEulerAnglesHint.x
      value: 0
      objectReference: {fileID: 0}
    - target: {fileID: 468588, guid: 161bd54067fc8bc48992806fb7c4fe3b, type: 3}
      propertyPath: m_LocalEulerAnglesHint.y
      value: 0
      objectReference: {fileID: 0}
    - target: {fileID: 468588, guid: 161bd54067fc8bc48992806fb7c4fe3b, type: 3}
      propertyPath: m_LocalEulerAnglesHint.z
      value: 0
      objectReference: {fileID: 0}
    m_RemovedComponents: []
  m_SourcePrefab: {fileID: 100100000, guid: 161bd54067fc8bc48992806fb7c4fe3b, type: 3}
--- !u!4 &1167450808 stripped
Transform:
  m_CorrespondingSourceObject: {fileID: 494012, guid: 60a80932f15a9b5428719cf63049a198, type: 3}
  m_PrefabInstance: {fileID: 868508112}
  m_PrefabAsset: {fileID: 0}
--- !u!4 &1233304948 stripped
Transform:
  m_CorrespondingSourceObject: {fileID: 442798, guid: b2e876bb6e0ba0a42b628002c60efe3b, type: 3}
  m_PrefabInstance: {fileID: 144044245}
  m_PrefabAsset: {fileID: 0}
--- !u!1 &1355483129
GameObject:
  m_ObjectHideFlags: 0
  m_CorrespondingSourceObject: {fileID: 0}
  m_PrefabInstance: {fileID: 0}
  m_PrefabAsset: {fileID: 0}
  serializedVersion: 6
  m_Component:
  - component: {fileID: 1355483130}
  - component: {fileID: 1355483133}
  - component: {fileID: 1355483132}
  m_Layer: 0
  m_Name: GFX
  m_TagString: Untagged
  m_Icon: {fileID: 0}
  m_NavMeshLayer: 0
  m_StaticEditorFlags: 0
  m_IsActive: 1
--- !u!4 &1355483130
Transform:
  m_ObjectHideFlags: 0
  m_CorrespondingSourceObject: {fileID: 0}
  m_PrefabInstance: {fileID: 0}
  m_PrefabAsset: {fileID: 0}
  m_GameObject: {fileID: 1355483129}
  m_LocalRotation: {x: 0, y: 0, z: 0, w: 1}
  m_LocalPosition: {x: 0, y: 1, z: 0}
  m_LocalScale: {x: 0.6, y: 2, z: 0.6}
  m_Children: []
  m_Father: {fileID: 799532568}
  m_RootOrder: 0
  m_LocalEulerAnglesHint: {x: 0, y: 0, z: 0}
--- !u!23 &1355483132
MeshRenderer:
  m_ObjectHideFlags: 0
  m_CorrespondingSourceObject: {fileID: 0}
  m_PrefabInstance: {fileID: 0}
  m_PrefabAsset: {fileID: 0}
  m_GameObject: {fileID: 1355483129}
  m_Enabled: 1
  m_CastShadows: 1
  m_ReceiveShadows: 1
  m_DynamicOccludee: 1
  m_MotionVectors: 1
  m_LightProbeUsage: 1
  m_ReflectionProbeUsage: 1
  m_RayTracingMode: 2
  m_RayTraceProcedural: 0
  m_RenderingLayerMask: 1
  m_RendererPriority: 0
  m_Materials:
  - {fileID: 10303, guid: 0000000000000000f000000000000000, type: 0}
  m_StaticBatchInfo:
    firstSubMesh: 0
    subMeshCount: 0
  m_StaticBatchRoot: {fileID: 0}
  m_ProbeAnchor: {fileID: 0}
  m_LightProbeVolumeOverride: {fileID: 0}
  m_ScaleInLightmap: 1
  m_ReceiveGI: 1
  m_PreserveUVs: 0
  m_IgnoreNormalsForChartDetection: 0
  m_ImportantGI: 0
  m_StitchLightmapSeams: 1
  m_SelectedEditorRenderState: 3
  m_MinimumChartSize: 4
  m_AutoUVMaxDistance: 0.5
  m_AutoUVMaxAngle: 89
  m_LightmapParameters: {fileID: 0}
  m_SortingLayerID: 0
  m_SortingLayer: 0
  m_SortingOrder: 0
  m_AdditionalVertexStreams: {fileID: 0}
--- !u!33 &1355483133
MeshFilter:
  m_ObjectHideFlags: 0
  m_CorrespondingSourceObject: {fileID: 0}
  m_PrefabInstance: {fileID: 0}
  m_PrefabAsset: {fileID: 0}
  m_GameObject: {fileID: 1355483129}
  m_Mesh: {fileID: 10202, guid: 0000000000000000e000000000000000, type: 0}
--- !u!4 &1429565629 stripped
Transform:
  m_CorrespondingSourceObject: {fileID: 435634, guid: 6fd54acd041ece64482dd792ac729572, type: 3}
  m_PrefabInstance: {fileID: 435389223}
  m_PrefabAsset: {fileID: 0}
--- !u!1001 &1467966258
PrefabInstance:
  m_ObjectHideFlags: 0
  serializedVersion: 2
  m_Modification:
    m_TransformParent: {fileID: 1819890414}
    m_Modifications:
    - target: {fileID: 139564, guid: f7967af397df22847975f89c8e017716, type: 3}
      propertyPath: m_Name
      value: Bucket
      objectReference: {fileID: 0}
    - target: {fileID: 453354, guid: f7967af397df22847975f89c8e017716, type: 3}
      propertyPath: m_LocalPosition.x
      value: -0.32150376
      objectReference: {fileID: 0}
    - target: {fileID: 453354, guid: f7967af397df22847975f89c8e017716, type: 3}
      propertyPath: m_LocalPosition.y
      value: -2.5718474
      objectReference: {fileID: 0}
    - target: {fileID: 453354, guid: f7967af397df22847975f89c8e017716, type: 3}
      propertyPath: m_LocalPosition.z
      value: 5.287285
      objectReference: {fileID: 0}
    - target: {fileID: 453354, guid: f7967af397df22847975f89c8e017716, type: 3}
      propertyPath: m_LocalRotation.x
      value: -0.7071068
      objectReference: {fileID: 0}
    - target: {fileID: 453354, guid: f7967af397df22847975f89c8e017716, type: 3}
      propertyPath: m_LocalRotation.y
      value: -0
      objectReference: {fileID: 0}
    - target: {fileID: 453354, guid: f7967af397df22847975f89c8e017716, type: 3}
      propertyPath: m_LocalRotation.z
      value: -0
      objectReference: {fileID: 0}
    - target: {fileID: 453354, guid: f7967af397df22847975f89c8e017716, type: 3}
      propertyPath: m_LocalRotation.w
      value: 0.7071067
      objectReference: {fileID: 0}
    - target: {fileID: 453354, guid: f7967af397df22847975f89c8e017716, type: 3}
      propertyPath: m_RootOrder
      value: 10
      objectReference: {fileID: 0}
    - target: {fileID: 453354, guid: f7967af397df22847975f89c8e017716, type: 3}
      propertyPath: m_LocalEulerAnglesHint.x
      value: 0
      objectReference: {fileID: 0}
    - target: {fileID: 453354, guid: f7967af397df22847975f89c8e017716, type: 3}
      propertyPath: m_LocalEulerAnglesHint.y
      value: 0
      objectReference: {fileID: 0}
    - target: {fileID: 453354, guid: f7967af397df22847975f89c8e017716, type: 3}
      propertyPath: m_LocalEulerAnglesHint.z
      value: 0
      objectReference: {fileID: 0}
    m_RemovedComponents: []
  m_SourcePrefab: {fileID: 100100000, guid: f7967af397df22847975f89c8e017716, type: 3}
--- !u!1 &1498659217
GameObject:
  m_ObjectHideFlags: 0
  m_CorrespondingSourceObject: {fileID: 0}
  m_PrefabInstance: {fileID: 0}
  m_PrefabAsset: {fileID: 0}
  serializedVersion: 6
  m_Component:
  - component: {fileID: 1498659222}
  - component: {fileID: 1498659221}
  - component: {fileID: 1498659220}
  - component: {fileID: 1498659219}
  - component: {fileID: 1498659218}
  - component: {fileID: 1498659223}
  m_Layer: 0
  m_Name: MagicSphere
  m_TagString: Untagged
  m_Icon: {fileID: 0}
  m_NavMeshLayer: 0
  m_StaticEditorFlags: 0
  m_IsActive: 1
--- !u!114 &1498659218
MonoBehaviour:
  m_ObjectHideFlags: 0
  m_CorrespondingSourceObject: {fileID: 0}
  m_PrefabInstance: {fileID: 0}
  m_PrefabAsset: {fileID: 0}
  m_GameObject: {fileID: 1498659217}
  m_Enabled: 1
  m_EditorHideFlags: 0
  m_Script: {fileID: 11500000, guid: bca505c85a454d146b49768606ef0d33, type: 3}
  m_Name: 
  m_EditorClassIdentifier: 
  radius: 3
  interactionTransform: {fileID: 606393368}
--- !u!135 &1498659219
SphereCollider:
  m_ObjectHideFlags: 0
  m_CorrespondingSourceObject: {fileID: 0}
  m_PrefabInstance: {fileID: 0}
  m_PrefabAsset: {fileID: 0}
  m_GameObject: {fileID: 1498659217}
  m_Material: {fileID: 0}
  m_IsTrigger: 0
  m_Enabled: 1
  serializedVersion: 2
  m_Radius: 0.5
  m_Center: {x: 0, y: 0, z: 0}
--- !u!23 &1498659220
MeshRenderer:
  m_ObjectHideFlags: 0
  m_CorrespondingSourceObject: {fileID: 0}
  m_PrefabInstance: {fileID: 0}
  m_PrefabAsset: {fileID: 0}
  m_GameObject: {fileID: 1498659217}
  m_Enabled: 1
  m_CastShadows: 1
  m_ReceiveShadows: 1
  m_DynamicOccludee: 1
  m_MotionVectors: 1
  m_LightProbeUsage: 1
  m_ReflectionProbeUsage: 1
  m_RayTracingMode: 2
  m_RayTraceProcedural: 0
  m_RenderingLayerMask: 1
  m_RendererPriority: 0
  m_Materials:
  - {fileID: 10303, guid: 0000000000000000f000000000000000, type: 0}
  m_StaticBatchInfo:
    firstSubMesh: 0
    subMeshCount: 0
  m_StaticBatchRoot: {fileID: 0}
  m_ProbeAnchor: {fileID: 0}
  m_LightProbeVolumeOverride: {fileID: 0}
  m_ScaleInLightmap: 1
  m_ReceiveGI: 1
  m_PreserveUVs: 0
  m_IgnoreNormalsForChartDetection: 0
  m_ImportantGI: 0
  m_StitchLightmapSeams: 1
  m_SelectedEditorRenderState: 3
  m_MinimumChartSize: 4
  m_AutoUVMaxDistance: 0.5
  m_AutoUVMaxAngle: 89
  m_LightmapParameters: {fileID: 0}
  m_SortingLayerID: 0
  m_SortingLayer: 0
  m_SortingOrder: 0
  m_AdditionalVertexStreams: {fileID: 0}
--- !u!33 &1498659221
MeshFilter:
  m_ObjectHideFlags: 0
  m_CorrespondingSourceObject: {fileID: 0}
  m_PrefabInstance: {fileID: 0}
  m_PrefabAsset: {fileID: 0}
  m_GameObject: {fileID: 1498659217}
  m_Mesh: {fileID: 10207, guid: 0000000000000000e000000000000000, type: 0}
--- !u!4 &1498659222
Transform:
  m_ObjectHideFlags: 0
  m_CorrespondingSourceObject: {fileID: 0}
  m_PrefabInstance: {fileID: 0}
  m_PrefabAsset: {fileID: 0}
  m_GameObject: {fileID: 1498659217}
  m_LocalRotation: {x: 0, y: 0, z: 0, w: 1}
  m_LocalPosition: {x: 2.62, y: 0.71, z: -1.35}
  m_LocalScale: {x: 1, y: 1, z: 1}
  m_Children:
  - {fileID: 606393368}
  m_Father: {fileID: 0}
  m_RootOrder: 7
  m_LocalEulerAnglesHint: {x: 0, y: 0, z: 0}
--- !u!114 &1498659223
MonoBehaviour:
  m_ObjectHideFlags: 0
  m_CorrespondingSourceObject: {fileID: 0}
  m_PrefabInstance: {fileID: 0}
  m_PrefabAsset: {fileID: 0}
  m_GameObject: {fileID: 1498659217}
  m_Enabled: 1
  m_EditorHideFlags: 0
  m_Script: {fileID: 11500000, guid: db4fa18fcf584be478e06144d6aea0e7, type: 3}
  m_Name: 
  m_EditorClassIdentifier: 
  radius: 3
  interactionTransform: {fileID: 1498659222}
--- !u!1 &1537525475
GameObject:
  m_ObjectHideFlags: 0
  m_CorrespondingSourceObject: {fileID: 0}
  m_PrefabInstance: {fileID: 0}
  m_PrefabAsset: {fileID: 0}
  serializedVersion: 6
  m_Component:
  - component: {fileID: 1537525480}
  - component: {fileID: 1537525477}
  - component: {fileID: 1537525476}
  m_Layer: 0
  m_Name: Platelegs
  m_TagString: Untagged
  m_Icon: {fileID: 0}
  m_NavMeshLayer: 0
  m_StaticEditorFlags: 0
  m_IsActive: 1
--- !u!114 &1537525476
MonoBehaviour:
  m_ObjectHideFlags: 0
  m_CorrespondingSourceObject: {fileID: 0}
  m_PrefabInstance: {fileID: 0}
  m_PrefabAsset: {fileID: 0}
  m_GameObject: {fileID: 1537525475}
  m_Enabled: 1
  m_EditorHideFlags: 0
  m_Script: {fileID: 11500000, guid: 3c1c650cb55592641b62ed400c8fbe84, type: 3}
  m_Name: 
  m_EditorClassIdentifier: 
  radius: 1
  interactionTransform: {fileID: 1537525480}
  item: {fileID: 11400000, guid: 921731948ea1aca4782c083e9c3a4246, type: 2}
--- !u!65 &1537525477
BoxCollider:
  m_ObjectHideFlags: 0
  m_CorrespondingSourceObject: {fileID: 0}
  m_PrefabInstance: {fileID: 0}
  m_PrefabAsset: {fileID: 0}
  m_GameObject: {fileID: 1537525475}
  m_Material: {fileID: 0}
  m_IsTrigger: 0
  m_Enabled: 1
  serializedVersion: 2
  m_Size: {x: 0.64, y: 1.02, z: 1.32}
  m_Center: {x: 0, y: 0, z: 0}
--- !u!4 &1537525480
Transform:
  m_ObjectHideFlags: 0
  m_CorrespondingSourceObject: {fileID: 0}
  m_PrefabInstance: {fileID: 0}
  m_PrefabAsset: {fileID: 0}
  m_GameObject: {fileID: 1537525475}
  m_LocalRotation: {x: -0, y: -0, z: -0, w: 1}
  m_LocalPosition: {x: 1.7596545, y: -0.83424264, z: 0.9748788}
  m_LocalScale: {x: 1, y: 1, z: 1}
  m_Children:
  - {fileID: 1648240104}
  m_Father: {fileID: 414885953}
  m_RootOrder: 1
  m_LocalEulerAnglesHint: {x: 0, y: 0, z: 0}
--- !u!1 &1592171560
GameObject:
  m_ObjectHideFlags: 0
  m_CorrespondingSourceObject: {fileID: 0}
  m_PrefabInstance: {fileID: 0}
  m_PrefabAsset: {fileID: 0}
  serializedVersion: 6
  m_Component:
  - component: {fileID: 1592171565}
  - component: {fileID: 1592171562}
  - component: {fileID: 1592171561}
  m_Layer: 0
  m_Name: Helmet
  m_TagString: Untagged
  m_Icon: {fileID: 0}
  m_NavMeshLayer: 0
  m_StaticEditorFlags: 0
  m_IsActive: 1
--- !u!114 &1592171561
MonoBehaviour:
  m_ObjectHideFlags: 0
  m_CorrespondingSourceObject: {fileID: 0}
  m_PrefabInstance: {fileID: 0}
  m_PrefabAsset: {fileID: 0}
  m_GameObject: {fileID: 1592171560}
  m_Enabled: 1
  m_EditorHideFlags: 0
  m_Script: {fileID: 11500000, guid: 3c1c650cb55592641b62ed400c8fbe84, type: 3}
  m_Name: 
  m_EditorClassIdentifier: 
  radius: 1
  interactionTransform: {fileID: 1592171565}
  item: {fileID: 11400000, guid: 173d0712950940247820c2ff8cde41f4, type: 2}
--- !u!65 &1592171562
BoxCollider:
  m_ObjectHideFlags: 0
  m_CorrespondingSourceObject: {fileID: 0}
  m_PrefabInstance: {fileID: 0}
  m_PrefabAsset: {fileID: 0}
  m_GameObject: {fileID: 1592171560}
  m_Material: {fileID: 0}
  m_IsTrigger: 0
  m_Enabled: 1
  serializedVersion: 2
  m_Size: {x: 0.53, y: 0.83, z: 0.53}
  m_Center: {x: 0, y: 0, z: 0}
--- !u!4 &1592171565
Transform:
  m_ObjectHideFlags: 0
  m_CorrespondingSourceObject: {fileID: 0}
  m_PrefabInstance: {fileID: 0}
  m_PrefabAsset: {fileID: 0}
  m_GameObject: {fileID: 1592171560}
  m_LocalRotation: {x: -0, y: -0, z: -0, w: 1}
  m_LocalPosition: {x: 6.419655, y: -0.83424264, z: 0.9748788}
  m_LocalScale: {x: 1, y: 1, z: 1}
  m_Children:
  - {fileID: 944106106}
  m_Father: {fileID: 414885953}
  m_RootOrder: 0
  m_LocalEulerAnglesHint: {x: 0, y: 0, z: 0}
--- !u!1001 &1606791809
PrefabInstance:
  m_ObjectHideFlags: 0
  serializedVersion: 2
  m_Modification:
    m_TransformParent: {fileID: 1778548108}
    m_Modifications:
    - target: {fileID: 5413424534740336833, guid: abe966c6f260ccb49ba30e2578b4386c, type: 3}
      propertyPath: m_LocalPosition.x
      value: 0
      objectReference: {fileID: 0}
    - target: {fileID: 5413424534740336833, guid: abe966c6f260ccb49ba30e2578b4386c, type: 3}
      propertyPath: m_LocalPosition.y
      value: 0
      objectReference: {fileID: 0}
    - target: {fileID: 5413424534740336833, guid: abe966c6f260ccb49ba30e2578b4386c, type: 3}
      propertyPath: m_LocalPosition.z
      value: 0
      objectReference: {fileID: 0}
    - target: {fileID: 5413424534740336833, guid: abe966c6f260ccb49ba30e2578b4386c, type: 3}
      propertyPath: m_LocalRotation.x
      value: 0
      objectReference: {fileID: 0}
    - target: {fileID: 5413424534740336833, guid: abe966c6f260ccb49ba30e2578b4386c, type: 3}
      propertyPath: m_LocalRotation.y
      value: 0
      objectReference: {fileID: 0}
    - target: {fileID: 5413424534740336833, guid: abe966c6f260ccb49ba30e2578b4386c, type: 3}
      propertyPath: m_LocalRotation.z
      value: 0
      objectReference: {fileID: 0}
    - target: {fileID: 5413424534740336833, guid: abe966c6f260ccb49ba30e2578b4386c, type: 3}
      propertyPath: m_LocalRotation.w
      value: 1
      objectReference: {fileID: 0}
    - target: {fileID: 5413424534740336833, guid: abe966c6f260ccb49ba30e2578b4386c, type: 3}
      propertyPath: m_RootOrder
      value: 0
      objectReference: {fileID: 0}
    - target: {fileID: 5413424534740336833, guid: abe966c6f260ccb49ba30e2578b4386c, type: 3}
      propertyPath: m_LocalEulerAnglesHint.x
      value: 0
      objectReference: {fileID: 0}
    - target: {fileID: 5413424534740336833, guid: abe966c6f260ccb49ba30e2578b4386c, type: 3}
      propertyPath: m_LocalEulerAnglesHint.y
      value: 0
      objectReference: {fileID: 0}
    - target: {fileID: 5413424534740336833, guid: abe966c6f260ccb49ba30e2578b4386c, type: 3}
      propertyPath: m_LocalEulerAnglesHint.z
      value: 0
      objectReference: {fileID: 0}
    - target: {fileID: 6735174712632602667, guid: abe966c6f260ccb49ba30e2578b4386c, type: 3}
      propertyPath: m_Name
      value: Platebody
      objectReference: {fileID: 0}
    m_RemovedComponents: []
  m_SourcePrefab: {fileID: 100100000, guid: abe966c6f260ccb49ba30e2578b4386c, type: 3}
--- !u!4 &1648240104 stripped
Transform:
  m_CorrespondingSourceObject: {fileID: 3164142711082961546, guid: d34ba720e4217ab47a3b6c45d2c666a4, type: 3}
  m_PrefabInstance: {fileID: 142072734}
  m_PrefabAsset: {fileID: 0}
--- !u!1 &1675685001
GameObject:
  m_ObjectHideFlags: 0
  m_CorrespondingSourceObject: {fileID: 0}
  m_PrefabInstance: {fileID: 0}
  m_PrefabAsset: {fileID: 0}
  serializedVersion: 6
  m_Component:
  - component: {fileID: 1675685002}
  - component: {fileID: 1675685004}
  - component: {fileID: 1675685003}
  m_Layer: 0
  m_Name: Shield
  m_TagString: Untagged
  m_Icon: {fileID: 0}
  m_NavMeshLayer: 0
  m_StaticEditorFlags: 0
  m_IsActive: 1
--- !u!4 &1675685002
Transform:
  m_ObjectHideFlags: 0
  m_CorrespondingSourceObject: {fileID: 0}
  m_PrefabInstance: {fileID: 0}
  m_PrefabAsset: {fileID: 0}
  m_GameObject: {fileID: 1675685001}
  m_LocalRotation: {x: 0.99488455, y: -0.09188272, z: 0.034409963, w: -0.024047267}
  m_LocalPosition: {x: -0.0031642914, y: -0.025259554, z: -0.024296284}
  m_LocalScale: {x: 100, y: 99.999954, z: 99.99992}
  m_Children: []
  m_Father: {fileID: 832486481}
  m_RootOrder: 0
  m_LocalEulerAnglesHint: {x: -2.38, y: 175.817, z: -169.36}
--- !u!23 &1675685003
MeshRenderer:
  m_ObjectHideFlags: 0
  m_CorrespondingSourceObject: {fileID: 0}
  m_PrefabInstance: {fileID: 0}
  m_PrefabAsset: {fileID: 0}
  m_GameObject: {fileID: 1675685001}
  m_Enabled: 1
  m_CastShadows: 1
  m_ReceiveShadows: 1
  m_DynamicOccludee: 1
  m_MotionVectors: 1
  m_LightProbeUsage: 1
  m_ReflectionProbeUsage: 1
  m_RayTracingMode: 2
  m_RayTraceProcedural: 0
  m_RenderingLayerMask: 1
  m_RendererPriority: 0
  m_Materials:
  - {fileID: -1444460858095362738, guid: 6b0b7513f9cce2a488b290a4c3723b86, type: 3}
  - {fileID: 2100000, guid: 37e2f2b08c2c13e48a4816bee6c998d0, type: 2}
  - {fileID: 3266693337043582393, guid: 6b0b7513f9cce2a488b290a4c3723b86, type: 3}
  m_StaticBatchInfo:
    firstSubMesh: 0
    subMeshCount: 0
  m_StaticBatchRoot: {fileID: 0}
  m_ProbeAnchor: {fileID: 0}
  m_LightProbeVolumeOverride: {fileID: 0}
  m_ScaleInLightmap: 1
  m_ReceiveGI: 1
  m_PreserveUVs: 0
  m_IgnoreNormalsForChartDetection: 0
  m_ImportantGI: 0
  m_StitchLightmapSeams: 1
  m_SelectedEditorRenderState: 3
  m_MinimumChartSize: 4
  m_AutoUVMaxDistance: 0.5
  m_AutoUVMaxAngle: 89
  m_LightmapParameters: {fileID: 0}
  m_SortingLayerID: 0
  m_SortingLayer: 0
  m_SortingOrder: 0
  m_AdditionalVertexStreams: {fileID: 0}
--- !u!33 &1675685004
MeshFilter:
  m_ObjectHideFlags: 0
  m_CorrespondingSourceObject: {fileID: 0}
  m_PrefabInstance: {fileID: 0}
  m_PrefabAsset: {fileID: 0}
  m_GameObject: {fileID: 1675685001}
  m_Mesh: {fileID: -1272481795433867914, guid: 6b0b7513f9cce2a488b290a4c3723b86, type: 3}
--- !u!1 &1778548103
GameObject:
  m_ObjectHideFlags: 0
  m_CorrespondingSourceObject: {fileID: 0}
  m_PrefabInstance: {fileID: 0}
  m_PrefabAsset: {fileID: 0}
  serializedVersion: 6
  m_Component:
  - component: {fileID: 1778548108}
  - component: {fileID: 1778548105}
  - component: {fileID: 1778548104}
  m_Layer: 0
  m_Name: Platebody
  m_TagString: Untagged
  m_Icon: {fileID: 0}
  m_NavMeshLayer: 0
  m_StaticEditorFlags: 0
  m_IsActive: 1
--- !u!114 &1778548104
MonoBehaviour:
  m_ObjectHideFlags: 0
  m_CorrespondingSourceObject: {fileID: 0}
  m_PrefabInstance: {fileID: 0}
  m_PrefabAsset: {fileID: 0}
  m_GameObject: {fileID: 1778548103}
  m_Enabled: 1
  m_EditorHideFlags: 0
  m_Script: {fileID: 11500000, guid: 3c1c650cb55592641b62ed400c8fbe84, type: 3}
  m_Name: 
  m_EditorClassIdentifier: 
  radius: 1
  interactionTransform: {fileID: 1778548108}
  item: {fileID: 11400000, guid: 0e47fc789a2778b47ad98a7ad9a2f428, type: 2}
--- !u!65 &1778548105
BoxCollider:
  m_ObjectHideFlags: 0
  m_CorrespondingSourceObject: {fileID: 0}
  m_PrefabInstance: {fileID: 0}
  m_PrefabAsset: {fileID: 0}
  m_GameObject: {fileID: 1778548103}
  m_Material: {fileID: 0}
  m_IsTrigger: 0
  m_Enabled: 1
  serializedVersion: 2
  m_Size: {x: 1, y: 1, z: 1}
  m_Center: {x: 0, y: 0, z: 0}
--- !u!4 &1778548108
Transform:
  m_ObjectHideFlags: 0
  m_CorrespondingSourceObject: {fileID: 0}
  m_PrefabInstance: {fileID: 0}
  m_PrefabAsset: {fileID: 0}
  m_GameObject: {fileID: 1778548103}
  m_LocalRotation: {x: -0, y: -0, z: -0, w: 1}
  m_LocalPosition: {x: -2.1403453, y: -0.83424264, z: 0.9748788}
  m_LocalScale: {x: 1, y: 1, z: 1}
  m_Children:
  - {fileID: 264487456}
  m_Father: {fileID: 414885953}
  m_RootOrder: 2
  m_LocalEulerAnglesHint: {x: 0, y: 0, z: 0}
--- !u!1 &1819890413
GameObject:
  m_ObjectHideFlags: 0
  m_CorrespondingSourceObject: {fileID: 0}
  m_PrefabInstance: {fileID: 0}
  m_PrefabAsset: {fileID: 0}
  serializedVersion: 6
  m_Component:
  - component: {fileID: 1819890414}
  m_Layer: 0
  m_Name: Enviroment
  m_TagString: Untagged
  m_Icon: {fileID: 0}
  m_NavMeshLayer: 0
  m_StaticEditorFlags: 0
  m_IsActive: 1
--- !u!4 &1819890414
Transform:
  m_ObjectHideFlags: 0
  m_CorrespondingSourceObject: {fileID: 0}
  m_PrefabInstance: {fileID: 0}
  m_PrefabAsset: {fileID: 0}
  m_GameObject: {fileID: 1819890413}
  m_LocalRotation: {x: 0, y: 0, z: 0, w: 1}
  m_LocalPosition: {x: 1.2222104, y: 2.5718427, z: -6.2088757}
  m_LocalScale: {x: 1, y: 1, z: 1}
  m_Children:
  - {fileID: 1167450808}
  - {fileID: 19350460}
  - {fileID: 1906224130}
  - {fileID: 47585652}
  - {fileID: 1955746875}
  - {fileID: 959852596}
  - {fileID: 918670337}
  - {fileID: 1233304948}
  - {fileID: 1013630606}
  - {fileID: 1429565629}
  - {fileID: 545990218}
  m_Father: {fileID: 0}
  m_RootOrder: 2
  m_LocalEulerAnglesHint: {x: 0, y: 0, z: 0}
--- !u!4 &1906224130 stripped
Transform:
  m_CorrespondingSourceObject: {fileID: 409632, guid: 471c1eb32c770a54ea8a1c3ffbda1de6, type: 3}
  m_PrefabInstance: {fileID: 861509629}
  m_PrefabAsset: {fileID: 0}
--- !u!4 &1955746875 stripped
Transform:
  m_CorrespondingSourceObject: {fileID: 439942, guid: d2455836f34483a42b6613a8fc03a747, type: 3}
  m_PrefabInstance: {fileID: 964120027}
  m_PrefabAsset: {fileID: 0}
--- !u!1001 &1962167970
PrefabInstance:
  m_ObjectHideFlags: 0
  serializedVersion: 2
  m_Modification:
    m_TransformParent: {fileID: 1819890414}
    m_Modifications:
    - target: {fileID: 172268, guid: 75450dad01decb44b867e81c5a1fd604, type: 3}
      propertyPath: m_Name
      value: Fence_b
      objectReference: {fileID: 0}
    - target: {fileID: 461212, guid: 75450dad01decb44b867e81c5a1fd604, type: 3}
      propertyPath: m_LocalPosition.x
      value: 0.44407558
      objectReference: {fileID: 0}
    - target: {fileID: 461212, guid: 75450dad01decb44b867e81c5a1fd604, type: 3}
      propertyPath: m_LocalPosition.y
      value: -2.5718417
      objectReference: {fileID: 0}
    - target: {fileID: 461212, guid: 75450dad01decb44b867e81c5a1fd604, type: 3}
      propertyPath: m_LocalPosition.z
      value: -1.7095938
      objectReference: {fileID: 0}
    - target: {fileID: 461212, guid: 75450dad01decb44b867e81c5a1fd604, type: 3}
      propertyPath: m_LocalRotation.x
      value: -0.7071068
      objectReference: {fileID: 0}
    - target: {fileID: 461212, guid: 75450dad01decb44b867e81c5a1fd604, type: 3}
      propertyPath: m_LocalRotation.y
      value: -0
      objectReference: {fileID: 0}
    - target: {fileID: 461212, guid: 75450dad01decb44b867e81c5a1fd604, type: 3}
      propertyPath: m_LocalRotation.z
      value: -0
      objectReference: {fileID: 0}
    - target: {fileID: 461212, guid: 75450dad01decb44b867e81c5a1fd604, type: 3}
      propertyPath: m_LocalRotation.w
      value: 0.7071067
      objectReference: {fileID: 0}
    - target: {fileID: 461212, guid: 75450dad01decb44b867e81c5a1fd604, type: 3}
      propertyPath: m_RootOrder
      value: 6
      objectReference: {fileID: 0}
    - target: {fileID: 461212, guid: 75450dad01decb44b867e81c5a1fd604, type: 3}
      propertyPath: m_LocalEulerAnglesHint.x
      value: 0
      objectReference: {fileID: 0}
    - target: {fileID: 461212, guid: 75450dad01decb44b867e81c5a1fd604, type: 3}
      propertyPath: m_LocalEulerAnglesHint.y
      value: 0
      objectReference: {fileID: 0}
    - target: {fileID: 461212, guid: 75450dad01decb44b867e81c5a1fd604, type: 3}
      propertyPath: m_LocalEulerAnglesHint.z
      value: 0
      objectReference: {fileID: 0}
    m_RemovedComponents: []
  m_SourcePrefab: {fileID: 100100000, guid: 75450dad01decb44b867e81c5a1fd604, type: 3}
--- !u!1001 &562116409906407547
PrefabInstance:
  m_ObjectHideFlags: 0
  serializedVersion: 2
  m_Modification:
    m_TransformParent: {fileID: 0}
    m_Modifications:
    - target: {fileID: 470042390, guid: 2fbd5d4f3faf6c342a48107de3bed273, type: 3}
      propertyPath: m_AnchorMax.x
      value: 0
      objectReference: {fileID: 0}
    - target: {fileID: 470042390, guid: 2fbd5d4f3faf6c342a48107de3bed273, type: 3}
      propertyPath: m_AnchorMax.y
      value: 0
      objectReference: {fileID: 0}
    - target: {fileID: 159076183919707037, guid: 2fbd5d4f3faf6c342a48107de3bed273, type: 3}
      propertyPath: m_Name
      value: PlayerPrefab
      objectReference: {fileID: 0}
    - target: {fileID: 562116410745896168, guid: 2fbd5d4f3faf6c342a48107de3bed273, type: 3}
      propertyPath: healthBar
      value: 
      objectReference: {fileID: 8989144288491434858}
    - target: {fileID: 719804433192129787, guid: 2fbd5d4f3faf6c342a48107de3bed273, type: 3}
      propertyPath: m_LocalPosition.x
      value: 0
      objectReference: {fileID: 0}
    - target: {fileID: 719804433192129787, guid: 2fbd5d4f3faf6c342a48107de3bed273, type: 3}
      propertyPath: m_LocalPosition.y
      value: 0
      objectReference: {fileID: 0}
    - target: {fileID: 719804433192129787, guid: 2fbd5d4f3faf6c342a48107de3bed273, type: 3}
      propertyPath: m_LocalPosition.z
      value: 0
      objectReference: {fileID: 0}
    - target: {fileID: 719804433192129787, guid: 2fbd5d4f3faf6c342a48107de3bed273, type: 3}
      propertyPath: m_LocalRotation.x
      value: 0
      objectReference: {fileID: 0}
    - target: {fileID: 719804433192129787, guid: 2fbd5d4f3faf6c342a48107de3bed273, type: 3}
      propertyPath: m_LocalRotation.y
      value: 0
      objectReference: {fileID: 0}
    - target: {fileID: 719804433192129787, guid: 2fbd5d4f3faf6c342a48107de3bed273, type: 3}
      propertyPath: m_LocalRotation.z
      value: 0
      objectReference: {fileID: 0}
    - target: {fileID: 719804433192129787, guid: 2fbd5d4f3faf6c342a48107de3bed273, type: 3}
      propertyPath: m_LocalRotation.w
      value: 1
      objectReference: {fileID: 0}
    - target: {fileID: 719804433192129787, guid: 2fbd5d4f3faf6c342a48107de3bed273, type: 3}
      propertyPath: m_RootOrder
      value: 6
      objectReference: {fileID: 0}
    - target: {fileID: 719804433192129787, guid: 2fbd5d4f3faf6c342a48107de3bed273, type: 3}
      propertyPath: m_LocalEulerAnglesHint.x
      value: 0
      objectReference: {fileID: 0}
    - target: {fileID: 719804433192129787, guid: 2fbd5d4f3faf6c342a48107de3bed273, type: 3}
      propertyPath: m_LocalEulerAnglesHint.y
      value: 0
      objectReference: {fileID: 0}
    - target: {fileID: 719804433192129787, guid: 2fbd5d4f3faf6c342a48107de3bed273, type: 3}
      propertyPath: m_LocalEulerAnglesHint.z
      value: 0
      objectReference: {fileID: 0}
    m_RemovedComponents: []
  m_SourcePrefab: {fileID: 100100000, guid: 2fbd5d4f3faf6c342a48107de3bed273, type: 3}
--- !u!224 &8989144288491434856
RectTransform:
  m_ObjectHideFlags: 0
  m_CorrespondingSourceObject: {fileID: 0}
  m_PrefabInstance: {fileID: 0}
  m_PrefabAsset: {fileID: 0}
  m_GameObject: {fileID: 8989144288491434861}
  m_LocalRotation: {x: -0, y: -0, z: -0, w: 1}
  m_LocalPosition: {x: 0, y: 0, z: -19.91152}
  m_LocalScale: {x: 1, y: 1, z: 1}
  m_Children:
  - {fileID: 8989144290071966403}
  - {fileID: 8989144289008392373}
  m_Father: {fileID: 0}
  m_RootOrder: 1
  m_LocalEulerAnglesHint: {x: 0, y: 0, z: 0}
  m_AnchorMin: {x: 0.5, y: 0.5}
  m_AnchorMax: {x: 0.5, y: 0.5}
  m_AnchoredPosition: {x: 3.0174403, y: 0.000013589859}
  m_SizeDelta: {x: 218.99585, y: 15.426304}
  m_Pivot: {x: 0.5, y: 0.5}
--- !u!114 &8989144288491434858
MonoBehaviour:
  m_ObjectHideFlags: 0
  m_CorrespondingSourceObject: {fileID: 0}
  m_PrefabInstance: {fileID: 0}
  m_PrefabAsset: {fileID: 0}
  m_GameObject: {fileID: 8989144288491434861}
  m_Enabled: 1
  m_EditorHideFlags: 0
  m_Script: {fileID: 11500000, guid: 3f96671d5c8b17e4f9815983ad33091a, type: 3}
  m_Name: 
  m_EditorClassIdentifier: 
  slider: {fileID: 8989144288491434859}
--- !u!114 &8989144288491434859
MonoBehaviour:
  m_ObjectHideFlags: 0
  m_CorrespondingSourceObject: {fileID: 0}
  m_PrefabInstance: {fileID: 0}
  m_PrefabAsset: {fileID: 0}
  m_GameObject: {fileID: 8989144288491434861}
  m_Enabled: 1
  m_EditorHideFlags: 0
  m_Script: {fileID: 11500000, guid: 67db9e8f0e2ae9c40bc1e2b64352a6b4, type: 3}
  m_Name: 
  m_EditorClassIdentifier: 
  m_Navigation:
    m_Mode: 0
    m_SelectOnUp: {fileID: 0}
    m_SelectOnDown: {fileID: 0}
    m_SelectOnLeft: {fileID: 0}
    m_SelectOnRight: {fileID: 0}
  m_Transition: 0
  m_Colors:
    m_NormalColor: {r: 1, g: 1, b: 1, a: 1}
    m_HighlightedColor: {r: 0.9607843, g: 0.9607843, b: 0.9607843, a: 1}
    m_PressedColor: {r: 0.78431374, g: 0.78431374, b: 0.78431374, a: 1}
    m_SelectedColor: {r: 0.9607843, g: 0.9607843, b: 0.9607843, a: 1}
    m_DisabledColor: {r: 0.78431374, g: 0.78431374, b: 0.78431374, a: 0.5019608}
    m_ColorMultiplier: 1
    m_FadeDuration: 0.1
  m_SpriteState:
    m_HighlightedSprite: {fileID: 0}
    m_PressedSprite: {fileID: 0}
    m_SelectedSprite: {fileID: 0}
    m_DisabledSprite: {fileID: 0}
  m_AnimationTriggers:
    m_NormalTrigger: Normal
    m_HighlightedTrigger: Highlighted
    m_PressedTrigger: Pressed
    m_SelectedTrigger: Selected
    m_DisabledTrigger: Disabled
  m_Interactable: 0
  m_TargetGraphic: {fileID: 0}
  m_FillRect: {fileID: 8989144290071966403}
  m_HandleRect: {fileID: 0}
  m_Direction: 0
  m_MinValue: 0
  m_MaxValue: 100
  m_WholeNumbers: 0
  m_Value: 100
  m_OnValueChanged:
    m_PersistentCalls:
      m_Calls: []
--- !u!1 &8989144288491434861
GameObject:
  m_ObjectHideFlags: 0
  m_CorrespondingSourceObject: {fileID: 0}
  m_PrefabInstance: {fileID: 0}
  m_PrefabAsset: {fileID: 0}
  serializedVersion: 6
  m_Component:
  - component: {fileID: 8989144288491434856}
  - component: {fileID: 8989144288491434859}
  - component: {fileID: 8989144288491434858}
  m_Layer: 5
  m_Name: HealthBar
  m_TagString: Untagged
  m_Icon: {fileID: 0}
  m_NavMeshLayer: 0
  m_StaticEditorFlags: 0
  m_IsActive: 1
--- !u!114 &8989144289008392370
MonoBehaviour:
  m_ObjectHideFlags: 0
  m_CorrespondingSourceObject: {fileID: 0}
  m_PrefabInstance: {fileID: 0}
  m_PrefabAsset: {fileID: 0}
  m_GameObject: {fileID: 8989144289008392372}
  m_Enabled: 1
  m_EditorHideFlags: 0
  m_Script: {fileID: 11500000, guid: fe87c0e1cc204ed48ad3b37840f39efc, type: 3}
  m_Name: 
  m_EditorClassIdentifier: 
  m_Material: {fileID: 0}
  m_Color: {r: 1, g: 1, b: 1, a: 1}
  m_RaycastTarget: 1
  m_RaycastPadding: {x: 0, y: 0, z: 0, w: 0}
  m_Maskable: 1
  m_OnCullStateChanged:
    m_PersistentCalls:
      m_Calls: []
  m_Sprite: {fileID: 21300000, guid: 44687b1cb996ba3429e3875b5283bdf4, type: 3}
  m_Type: 0
  m_PreserveAspect: 0
  m_FillCenter: 1
  m_FillMethod: 4
  m_FillAmount: 1
  m_FillClockwise: 1
  m_FillOrigin: 0
  m_UseSpriteMesh: 0
  m_PixelsPerUnitMultiplier: 1
--- !u!222 &8989144289008392371
CanvasRenderer:
  m_ObjectHideFlags: 0
  m_CorrespondingSourceObject: {fileID: 0}
  m_PrefabInstance: {fileID: 0}
  m_PrefabAsset: {fileID: 0}
  m_GameObject: {fileID: 8989144289008392372}
  m_CullTransparentMesh: 0
--- !u!1 &8989144289008392372
GameObject:
  m_ObjectHideFlags: 0
  m_CorrespondingSourceObject: {fileID: 0}
  m_PrefabInstance: {fileID: 0}
  m_PrefabAsset: {fileID: 0}
  serializedVersion: 6
  m_Component:
  - component: {fileID: 8989144289008392373}
  - component: {fileID: 8989144289008392371}
  - component: {fileID: 8989144289008392370}
  m_Layer: 5
  m_Name: Border
  m_TagString: Untagged
  m_Icon: {fileID: 0}
  m_NavMeshLayer: 0
  m_StaticEditorFlags: 0
  m_IsActive: 1
--- !u!224 &8989144289008392373
RectTransform:
  m_ObjectHideFlags: 0
  m_CorrespondingSourceObject: {fileID: 0}
  m_PrefabInstance: {fileID: 0}
  m_PrefabAsset: {fileID: 0}
  m_GameObject: {fileID: 8989144289008392372}
  m_LocalRotation: {x: -0, y: -0, z: -0, w: 1}
  m_LocalPosition: {x: 0, y: 0, z: 0}
  m_LocalScale: {x: 1, y: 1, z: 1}
  m_Children: []
  m_Father: {fileID: 8989144288491434856}
  m_RootOrder: 1
  m_LocalEulerAnglesHint: {x: 0, y: 0, z: 0}
  m_AnchorMin: {x: 0, y: 0}
  m_AnchorMax: {x: 1, y: 1}
  m_AnchoredPosition: {x: -0.6499939, y: 0.13000488}
  m_SizeDelta: {x: 11.076477, y: 4.590225}
  m_Pivot: {x: 0.5, y: 0.5}
--- !u!114 &8989144290071966400
MonoBehaviour:
  m_ObjectHideFlags: 0
  m_CorrespondingSourceObject: {fileID: 0}
  m_PrefabInstance: {fileID: 0}
  m_PrefabAsset: {fileID: 0}
  m_GameObject: {fileID: 8989144290071966402}
  m_Enabled: 1
  m_EditorHideFlags: 0
  m_Script: {fileID: 11500000, guid: fe87c0e1cc204ed48ad3b37840f39efc, type: 3}
  m_Name: 
  m_EditorClassIdentifier: 
  m_Material: {fileID: 0}
  m_Color: {r: 0.7264151, g: 0.119927004, b: 0.119927004, a: 1}
  m_RaycastTarget: 1
  m_RaycastPadding: {x: 0, y: 0, z: 0, w: 0}
  m_Maskable: 1
  m_OnCullStateChanged:
    m_PersistentCalls:
      m_Calls: []
  m_Sprite: {fileID: 0}
  m_Type: 0
  m_PreserveAspect: 0
  m_FillCenter: 1
  m_FillMethod: 4
  m_FillAmount: 1
  m_FillClockwise: 1
  m_FillOrigin: 0
  m_UseSpriteMesh: 0
  m_PixelsPerUnitMultiplier: 1
--- !u!222 &8989144290071966401
CanvasRenderer:
  m_ObjectHideFlags: 0
  m_CorrespondingSourceObject: {fileID: 0}
  m_PrefabInstance: {fileID: 0}
  m_PrefabAsset: {fileID: 0}
  m_GameObject: {fileID: 8989144290071966402}
  m_CullTransparentMesh: 0
--- !u!1 &8989144290071966402
GameObject:
  m_ObjectHideFlags: 0
  m_CorrespondingSourceObject: {fileID: 0}
  m_PrefabInstance: {fileID: 0}
  m_PrefabAsset: {fileID: 0}
  serializedVersion: 6
  m_Component:
  - component: {fileID: 8989144290071966403}
  - component: {fileID: 8989144290071966401}
  - component: {fileID: 8989144290071966400}
  m_Layer: 5
  m_Name: Fill
  m_TagString: Untagged
  m_Icon: {fileID: 0}
  m_NavMeshLayer: 0
  m_StaticEditorFlags: 0
  m_IsActive: 1
--- !u!224 &8989144290071966403
RectTransform:
  m_ObjectHideFlags: 0
  m_CorrespondingSourceObject: {fileID: 0}
  m_PrefabInstance: {fileID: 0}
  m_PrefabAsset: {fileID: 0}
  m_GameObject: {fileID: 8989144290071966402}
  m_LocalRotation: {x: 0, y: 0, z: 0, w: 1}
  m_LocalPosition: {x: 0, y: 0, z: 0}
  m_LocalScale: {x: 1, y: 1, z: 1}
  m_Children: []
  m_Father: {fileID: 8989144288491434856}
  m_RootOrder: 0
  m_LocalEulerAnglesHint: {x: 0, y: 0, z: 0}
  m_AnchorMin: {x: 0, y: 0}
  m_AnchorMax: {x: 0, y: 0}
  m_AnchoredPosition: {x: 0, y: 0}
  m_SizeDelta: {x: 0, y: 0}
  m_Pivot: {x: 0.5, y: 0.5}
